@ARTICLE{Mooley2018,
       author = {{Mooley}, K.~P. and {Deller}, A.~T. and {Gottlieb}, O. and {Nakar}, E. and {Hallinan}, G. and {Bourke}, S. and {Frail}, D.~A. and {Horesh}, A. and {Corsi}, A. and {Hotokezaka}, K.},
        title = "{Superluminal motion of a relativistic jet in the neutron-star merger GW170817}",
      journal = {\nat},
     keywords = {Astrophysics - High Energy Astrophysical Phenomena, Astrophysics - Cosmology and Nongalactic Astrophysics, General Relativity and Quantum Cosmology},
         year = 2018,
        month = sep,
       volume = {561},
       number = {7723},
        pages = {355-359},
          doi = {10.1038/s41586-018-0486-3},
archivePrefix = {arXiv},
       eprint = {1806.09693},
 primaryClass = {astro-ph.HE},
       adsurl = {https://ui.adsabs.harvard.edu/abs/2018Natur.561..355M},
      adsnote = {Provided by the SAO/NASA Astrophysics Data System}
}

@ARTICLE{Ghirlanda2019,
       author = {{Ghirlanda}, G. and {Salafia}, O.~S. and {Paragi}, Z. and {Giroletti}, M. and {Yang}, J. and {Marcote}, B. and {Blanchard}, J. and {Agudo}, I. and {An}, T. and {Bernardini}, M.~G. and {Beswick}, R. and {Branchesi}, M. and {Campana}, S. and {Casadio}, C. and {Chassande-Mottin}, E. and {Colpi}, M. and {Covino}, S. and {D'Avanzo}, P. and {D'Elia}, V. and {Frey}, S. and {Gawronski}, M. and {Ghisellini}, G. and {Gurvits}, L.~I. and {Jonker}, P.~G. and {van Langevelde}, H.~J. and {Melandri}, A. and {Moldon}, J. and {Nava}, L. and {Perego}, A. and {Perez-Torres}, M.~A. and {Reynolds}, C. and {Salvaterra}, R. and {Tagliaferri}, G. and {Venturi}, T. and {Vergani}, S.~D. and {Zhang}, M.},
        title = "{Compact radio emission indicates a structured jet was produced by a binary neutron star merger}",
      journal = {Science},
     keywords = {ASTRONOMY, Astrophysics - High Energy Astrophysical Phenomena},
         year = 2019,
        month = mar,
       volume = {363},
       number = {6430},
        pages = {968-971},
          doi = {10.1126/science.aau8815},
archivePrefix = {arXiv},
       eprint = {1808.00469},
 primaryClass = {astro-ph.HE},
       adsurl = {https://ui.adsabs.harvard.edu/abs/2019Sci...363..968G},
      adsnote = {Provided by the SAO/NASA Astrophysics Data System}
}

@ARTICLE{Beniamini2019,
       author = {{Beniamini}, Paz and {Petropoulou}, Maria and {Barniol Duran}, Rodolfo and {Giannios}, Dimitrios},
        title = "{A lesson from GW170817: most neutron star mergers result in tightly collimated successful GRB jets}",
      journal = {\mnras},
     keywords = {gravitational waves, gamma-ray burst: general, Astrophysics - High Energy Astrophysical Phenomena},
         year = 2019,
        month = feb,
       volume = {483},
       number = {1},
        pages = {840-851},
          doi = {10.1093/mnras/sty3093},
archivePrefix = {arXiv},
       eprint = {1808.04831},
 primaryClass = {astro-ph.HE},
       adsurl = {https://ui.adsabs.harvard.edu/abs/2019MNRAS.483..840B},
      adsnote = {Provided by the SAO/NASA Astrophysics Data System}
}

@ARTICLE{Ciolfi2020_nomagnetar,
       author = {{Ciolfi}, Riccardo},
        title = "{Collimated outflows from long-lived binary neutron star merger remnants}",
      journal = {\mnras},
     keywords = {gravitational waves, MHD, gamma-ray burst: general, stars: neutron; neutron star mergers, Astrophysics - High Energy Astrophysical Phenomena, Astrophysics - Solar and Stellar Astrophysics, General Relativity and Quantum Cosmology},
         year = 2020,
        month = jun,
       volume = {495},
       number = {1},
        pages = {L66-L70},
          doi = {10.1093/mnrasl/slaa062},
archivePrefix = {arXiv},
       eprint = {2001.10241},
 primaryClass = {astro-ph.HE},
       adsurl = {https://ui.adsabs.harvard.edu/abs/2020MNRAS.495L..66C},
      adsnote = {Provided by the SAO/NASA Astrophysics Data System}
}

@ARTICLE{Salafia2021,
       author = {{Salafia}, O.~S. and {Giacomazzo}, B.},
        title = "{Accretion-to-jet energy conversion efficiency in GW170817}",
      journal = {\aap},
     keywords = {relativistic processes, gamma-ray burst: individual: GRB 170817A, stars: neutron, gravitational waves, Astrophysics - High Energy Astrophysical Phenomena},
         year = 2021,
        month = jan,
       volume = {645},
          eid = {A93},
        pages = {A93},
          doi = {10.1051/0004-6361/202038590},
archivePrefix = {arXiv},
       eprint = {2006.07376},
 primaryClass = {astro-ph.HE},
       adsurl = {https://ui.adsabs.harvard.edu/abs/2021A&A...645A..93S},
      adsnote = {Provided by the SAO/NASA Astrophysics Data System}
}

@ARTICLE{Blandford1977,
       author = {{Blandford}, R.~D. and {Znajek}, R.~L.},
        title = "{Electromagnetic extraction of energy from Kerr black holes.}",
      journal = {\mnras},
     keywords = {Black Holes (Astronomy), Electromagnetic Fields, Energy Sources, Rotating Matter, Active Galactic Nuclei, Astrophysics, Electron-Positron Pairs, Pair Production, Astrophysics},
         year = 1977,
        month = may,
       volume = {179},
        pages = {433-456},
          doi = {10.1093/mnras/179.3.433},
       adsurl = {https://ui.adsabs.harvard.edu/abs/1977MNRAS.179..433B},
      adsnote = {Provided by the SAO/NASA Astrophysics Data System}
}

@ARTICLE{Komissarov2001,
       author = {{Komissarov}, S.~S.},
        title = "{Direct numerical simulations of the Blandford-Znajek effect}",
      journal = {\mnras},
     keywords = {BLACK HOLE PHYSICS, MAGNETIC FIELDS, METHODS: NUMERICAL},
         year = 2001,
        month = sep,
       volume = {326},
       number = {3},
        pages = {L41-L44},
          doi = {10.1046/j.1365-8711.2001.04863.x},
       adsurl = {https://ui.adsabs.harvard.edu/abs/2001MNRAS.326L..41K},
      adsnote = {Provided by the SAO/NASA Astrophysics Data System}
}

@ARTICLE{Tchekhovskoy2010,
       author = {{Tchekhovskoy}, Alexander and {Narayan}, Ramesh and {McKinney}, Jonathan C.},
        title = "{Black Hole Spin and The Radio Loud/Quiet Dichotomy of Active Galactic Nuclei}",
      journal = {\apj},
     keywords = {accretion, accretion disks, black hole physics, galaxies: jets, galaxies: nuclei, magnetohydrodynamics: MHD, quasars: general, relativistic processes, Astrophysics - High Energy Astrophysical Phenomena, Astrophysics - Galaxy Astrophysics},
         year = 2010,
        month = mar,
       volume = {711},
       number = {1},
        pages = {50-63},
          doi = {10.1088/0004-637X/711/1/50},
archivePrefix = {arXiv},
       eprint = {0911.2228},
 primaryClass = {astro-ph.HE},
       adsurl = {https://ui.adsabs.harvard.edu/abs/2010ApJ...711...50T},
      adsnote = {Provided by the SAO/NASA Astrophysics Data System}
}

@ARTICLE{Eichler1989,
       author = {{Eichler}, David and {Livio}, Mario and {Piran}, Tsvi and {Schramm}, David N.},
        title = "{Nucleosynthesis, neutrino bursts and {\ensuremath{\gamma}}-rays from coalescing neutron stars}",
      journal = {\nat},
     keywords = {Gamma Ray Bursts, Neutrinos, Neutron Stars, Nuclear Fusion, Binary Stars, Gravitational Effects, Gravity Waves, Hubble Constant, Pulsars, Astrophysics},
         year = 1989,
        month = jul,
       volume = {340},
       number = {6229},
        pages = {126-128},
          doi = {10.1038/340126a0},
       adsurl = {https://ui.adsabs.harvard.edu/abs/1989Natur.340..126E},
      adsnote = {Provided by the SAO/NASA Astrophysics Data System}
}

@ARTICLE{Thompson1994,
       author = {{Thompson}, C.},
        title = "{A model of gamma-ray bursts.}",
      journal = {\mnras},
         year = 1994,
        month = oct,
       volume = {270},
        pages = {480-498},
          doi = {10.1093/mnras/270.3.480},
       adsurl = {https://ui.adsabs.harvard.edu/abs/1994MNRAS.270..480T},
      adsnote = {Provided by the SAO/NASA Astrophysics Data System}
}

@ARTICLE{Metzger2011,
       author = {{Metzger}, B.~D. and {Giannios}, D. and {Thompson}, T.~A. and {Bucciantini}, N. and {Quataert}, E.},
        title = "{The protomagnetar model for gamma-ray bursts}",
      journal = {\mnras},
     keywords = {MHD, gamma-ray burst: general, stars: neutron, stars: winds, outflows, Astrophysics - High Energy Astrophysical Phenomena},
         year = 2011,
        month = may,
       volume = {413},
       number = {3},
        pages = {2031-2056},
          doi = {10.1111/j.1365-2966.2011.18280.x},
archivePrefix = {arXiv},
       eprint = {1012.0001},
 primaryClass = {astro-ph.HE},
       adsurl = {https://ui.adsabs.harvard.edu/abs/2011MNRAS.413.2031M},
      adsnote = {Provided by the SAO/NASA Astrophysics Data System}
}

@ARTICLE{Usov1992,
       author = {{Usov}, V.~V.},
        title = "{Millisecond pulsars with extremely strong magnetic fields as a cosmological source of {\ensuremath{\gamma}}-ray bursts}",
      journal = {\nat},
     keywords = {Cataclysmic Variables, Gamma Ray Bursts, Pulsars, Stellar Magnetic Fields, Brightness Distribution, Computational Astrophysics, Electron-Positron Pairs, Gamma Ray Observatory, Spatial Distribution, Stellar Rotation, Astrophysics},
         year = 1992,
        month = jun,
       volume = {357},
       number = {6378},
        pages = {472-474},
          doi = {10.1038/357472a0},
       adsurl = {https://ui.adsabs.harvard.edu/abs/1992Natur.357..472U},
      adsnote = {Provided by the SAO/NASA Astrophysics Data System}
}

@ARTICLE{Kiuchi2014,
       author = {{Kiuchi}, Kenta and {Kyutoku}, Koutarou and {Sekiguchi}, Yuichiro and {Shibata}, Masaru and {Wada}, Tomohide},
        title = "{High resolution numerical relativity simulations for the merger of binary magnetized neutron stars}",
      journal = {\prd},
     keywords = {04.25.D-, 04.30.-w, 04.40.Dg, Numerical relativity, Gravitational waves: theory, Relativistic stars: structure stability and oscillations, Astrophysics - High Energy Astrophysical Phenomena, Astrophysics - Cosmology and Nongalactic Astrophysics, Astrophysics - Solar and Stellar Astrophysics, General Relativity and Quantum Cosmology},
         year = 2014,
        month = aug,
       volume = {90},
       number = {4},
          eid = {041502},
        pages = {041502},
          doi = {10.1103/PhysRevD.90.041502},
archivePrefix = {arXiv},
       eprint = {1407.2660},
 primaryClass = {astro-ph.HE},
       adsurl = {https://ui.adsabs.harvard.edu/abs/2014PhRvD..90d1502K},
      adsnote = {Provided by the SAO/NASA Astrophysics Data System}
}

@ARTICLE{Kawamura2016,
       author = {{Kawamura}, Takumu and {Giacomazzo}, Bruno and {Kastaun}, Wolfgang and {Ciolfi}, Riccardo and {Endrizzi}, Andrea and {Baiotti}, Luca and {Perna}, Rosalba},
        title = "{Binary neutron star mergers and short gamma-ray bursts: Effects of magnetic field orientation, equation of state, and mass ratio}",
      journal = {\prd},
     keywords = {Astrophysics - High Energy Astrophysical Phenomena, General Relativity and Quantum Cosmology},
         year = 2016,
        month = sep,
       volume = {94},
       number = {6},
          eid = {064012},
        pages = {064012},
          doi = {10.1103/PhysRevD.94.064012},
archivePrefix = {arXiv},
       eprint = {1607.01791},
 primaryClass = {astro-ph.HE},
       adsurl = {https://ui.adsabs.harvard.edu/abs/2016PhRvD..94f4012K},
      adsnote = {Provided by the SAO/NASA Astrophysics Data System}
}

@ARTICLE{Christie2019,
       author = {{Christie}, I.~M. and {Lalakos}, A. and {Tchekhovskoy}, A. and {Fern{\'a}ndez}, R. and {Foucart}, F. and {Quataert}, E. and {Kasen}, D.},
        title = "{The role of magnetic field geometry in the evolution of neutron star merger accretion discs}",
      journal = {\mnras},
     keywords = {accretion, accretion discs, stars: black holes, (stars:) gamma-ray burst: general, stars: jets, Astrophysics - High Energy Astrophysical Phenomena},
         year = 2019,
        month = dec,
       volume = {490},
       number = {4},
        pages = {4811-4825},
          doi = {10.1093/mnras/stz2552},
archivePrefix = {arXiv},
       eprint = {1907.02079},
 primaryClass = {astro-ph.HE},
       adsurl = {https://ui.adsabs.harvard.edu/abs/2019MNRAS.490.4811C},
      adsnote = {Provided by the SAO/NASA Astrophysics Data System}
}

@ARTICLE{Ruiz2018,
       author = {{Ruiz}, Milton and {Shapiro}, Stuart L. and {Tsokaros}, Antonios},
        title = "{Jet launching from binary black hole-neutron star mergers: Dependence on black hole spin, binary mass ratio, and magnetic field orientation}",
      journal = {\prd},
     keywords = {Astrophysics - High Energy Astrophysical Phenomena, General Relativity and Quantum Cosmology},
         year = 2018,
        month = dec,
       volume = {98},
       number = {12},
          eid = {123017},
        pages = {123017},
          doi = {10.1103/PhysRevD.98.123017},
archivePrefix = {arXiv},
       eprint = {1810.08618},
 primaryClass = {astro-ph.HE},
       adsurl = {https://ui.adsabs.harvard.edu/abs/2018PhRvD..98l3017R},
      adsnote = {Provided by the SAO/NASA Astrophysics Data System}
}

@ARTICLE{Fong2015,
       author = {{Fong}, W. and {Berger}, E. and {Margutti}, R. and {Zauderer}, B.~A.},
        title = "{A Decade of Short-duration Gamma-Ray Burst Broadband Afterglows: Energetics, Circumburst Densities, and Jet Opening Angles}",
      journal = {\apj},
     keywords = {catalogs, gamma-ray burst: general, Astrophysics - High Energy Astrophysical Phenomena},
         year = 2015,
        month = dec,
       volume = {815},
       number = {2},
          eid = {102},
        pages = {102},
          doi = {10.1088/0004-637X/815/2/102},
archivePrefix = {arXiv},
       eprint = {1509.02922},
 primaryClass = {astro-ph.HE},
       adsurl = {https://ui.adsabs.harvard.edu/abs/2015ApJ...815..102F},
      adsnote = {Provided by the SAO/NASA Astrophysics Data System}
}

@ARTICLE{Breu2016,
       author = {{Breu}, Cosima and {Rezzolla}, Luciano},
        title = "{Maximum mass, moment of inertia and compactness of relativistic stars}",
      journal = {\mnras},
     keywords = {gravitational waves, binaries: general, stars: neutron, General Relativity and Quantum Cosmology, Astrophysics - High Energy Astrophysical Phenomena},
         year = 2016,
        month = jun,
       volume = {459},
       number = {1},
        pages = {646-656},
          doi = {10.1093/mnras/stw575},
archivePrefix = {arXiv},
       eprint = {1601.06083},
 primaryClass = {gr-qc},
       adsurl = {https://ui.adsabs.harvard.edu/abs/2016MNRAS.459..646B},
      adsnote = {Provided by the SAO/NASA Astrophysics Data System}
}

@ARTICLE{Akmal1998,
       author = {{Akmal}, A. and {Pandharipande}, V.~R. and {Ravenhall}, D.~G.},
        title = "{Equation of state of nucleon matter and neutron star structure}",
      journal = {\prc},
     keywords = {21.65.+f, 26.60.+c, 97.60.Jd, Nuclear matter, Nuclear matter aspects of neutron stars, Neutron stars, Nuclear Theory, Astrophysics},
         year = 1998,
        month = sep,
       volume = {58},
       number = {3},
        pages = {1804-1828},
          doi = {10.1103/PhysRevC.58.1804},
archivePrefix = {arXiv},
       eprint = {nucl-th/9804027},
 primaryClass = {nucl-th},
       adsurl = {https://ui.adsabs.harvard.edu/abs/1998PhRvC..58.1804A},
      adsnote = {Provided by the SAO/NASA Astrophysics Data System}
}


@ARTICLE{Hempel2012,
       author = {{Hempel}, M. and {Fischer}, T. and {Schaffner-Bielich}, J. and {Liebend{\"o}rfer}, M.},
        title = "{New Equations of State in Simulations of Core-collapse Supernovae}",
      journal = {\apj},
     keywords = {dense matter, hydrodynamics, equation of state, nuclear reactions, nucleosynthesis, abundances, stars: neutron, supernovae: general, Astrophysics - High Energy Astrophysical Phenomena, Astrophysics - Solar and Stellar Astrophysics, Nuclear Theory},
         year = 2012,
        month = mar,
       volume = {748},
       number = {1},
          eid = {70},
        pages = {70},
          doi = {10.1088/0004-637X/748/1/70},
archivePrefix = {arXiv},
       eprint = {1108.0848},
 primaryClass = {astro-ph.HE},
       adsurl = {https://ui.adsabs.harvard.edu/abs/2012ApJ...748...70H},
      adsnote = {Provided by the SAO/NASA Astrophysics Data System}
}


@ARTICLE{Zappa2018,
       author = {{Zappa}, Francesco and {Bernuzzi}, Sebastiano and {Radice}, David and {Perego}, Albino and {Dietrich}, Tim},
        title = "{Gravitational-Wave Luminosity of Binary Neutron Stars Mergers}",
      journal = {\prl},
     keywords = {General Relativity and Quantum Cosmology, Astrophysics - High Energy Astrophysical Phenomena},
         year = 2018,
        month = mar,
       volume = {120},
       number = {11},
          eid = {111101},
        pages = {111101},
          doi = {10.1103/PhysRevLett.120.111101},
archivePrefix = {arXiv},
       eprint = {1712.04267},
 primaryClass = {gr-qc},
       adsurl = {https://ui.adsabs.harvard.edu/abs/2018PhRvL.120k1101Z},
      adsnote = {Provided by the SAO/NASA Astrophysics Data System}
}

@misc{bns_lum,
  author = {Bernuzzi, Sebastiano and Perego, Albino and Zappa, Francesco},
  title = {{bns\_lum git repository}},
  howpublished = "\url{https://git.tpi.uni-jena.de/core/bns_lum}",
  year = {2018}, 
  note = "[Online; commit sha:a4c7fc8ce4b7826e58babe6fcc875155336a6602]"
}

@ARTICLE{Kruger2020,
       author = {{Kr{\"u}ger}, Christian J. and {Foucart}, Francois},
        title = "{Estimates for disk and ejecta masses produced in compact binary mergers}",
      journal = {\prd},
     keywords = {Astrophysics - High Energy Astrophysical Phenomena, General Relativity and Quantum Cosmology},
         year = 2020,
        month = may,
       volume = {101},
       number = {10},
          eid = {103002},
        pages = {103002},
          doi = {10.1103/PhysRevD.101.103002},
archivePrefix = {arXiv},
       eprint = {2002.07728},
 primaryClass = {astro-ph.HE},
       adsurl = {https://ui.adsabs.harvard.edu/abs/2020PhRvD.101j3002K},
      adsnote = {Provided by the SAO/NASA Astrophysics Data System}
}

@ARTICLE{Yagi2017,
       author = {{Yagi}, Kent and {Yunes}, Nicol{\'a}s},
        title = "{Approximate universal relations for neutron stars and quark stars}",
      journal = {\physrep},
     keywords = {Neutron stars, Universal relations, No-hair theorem, X-ray, Gravitational wave, General Relativity and Quantum Cosmology, Astrophysics - High Energy Astrophysical Phenomena},
         year = 2017,
        month = apr,
       volume = {681},
        pages = {1-72},
          doi = {10.1016/j.physrep.2017.03.002},
archivePrefix = {arXiv},
       eprint = {1608.02582},
 primaryClass = {gr-qc},
       adsurl = {https://ui.adsabs.harvard.edu/abs/2017PhR...681....1Y},
      adsnote = {Provided by the SAO/NASA Astrophysics Data System}
}

@ARTICLE{Bauswein2021,
       author = {{Bauswein}, Andreas and {Blacker}, Sebastian and {Lioutas}, Georgios and {Soultanis}, Theodoros and {Vijayan}, Vimal and {Stergioulas}, Nikolaos},
        title = "{Systematics of prompt black-hole formation in neutron star mergers}",
      journal = {\prd},
     keywords = {Astrophysics - High Energy Astrophysical Phenomena},
         year = 2021,
        month = jun,
       volume = {103},
       number = {12},
          eid = {123004},
        pages = {123004},
          doi = {10.1103/PhysRevD.103.123004},
archivePrefix = {arXiv},
       eprint = {2010.04461},
 primaryClass = {astro-ph.HE},
       adsurl = {https://ui.adsabs.harvard.edu/abs/2021PhRvD.103l3004B},
      adsnote = {Provided by the SAO/NASA Astrophysics Data System}
}

@ARTICLE{Ozel2016,
       author = {{{\"O}zel}, Feryal and {Freire}, Paulo},
        title = "{Masses, Radii, and the Equation of State of Neutron Stars}",
      journal = {\araa},
     keywords = {Astrophysics - High Energy Astrophysical Phenomena, General Relativity and Quantum Cosmology, Nuclear Theory},
         year = 2016,
        month = sep,
       volume = {54},
        pages = {401-440},
          doi = {10.1146/annurev-astro-081915-023322},
archivePrefix = {arXiv},
       eprint = {1603.02698},
 primaryClass = {astro-ph.HE},
       adsurl = {https://ui.adsabs.harvard.edu/abs/2016ARA&A..54..401O},
      adsnote = {Provided by the SAO/NASA Astrophysics Data System}
}

@ARTICLE{Abbott2019_GW170817_properties,
       author = {{Abbott}, B.~P. and {LIGO Scientific Collaboration} and {Virgo Collaboration}},
        title = "{Properties of the Binary Neutron Star Merger GW170817}",
      journal = {Physical Review X},
     keywords = {General Relativity and Quantum Cosmology, Astrophysics - High Energy Astrophysical Phenomena},
         year = 2019,
        month = jan,
       volume = {9},
       number = {1},
          eid = {011001},
        pages = {011001},
          doi = {10.1103/PhysRevX.9.011001},
archivePrefix = {arXiv},
       eprint = {1805.11579},
 primaryClass = {gr-qc},
       adsurl = {https://ui.adsabs.harvard.edu/abs/2019PhRvX...9a1001A},
      adsnote = {Provided by the SAO/NASA Astrophysics Data System}
}

@ARTICLE{Abbott2020_GW190425,
       author = {{Abbott}, B.~P. and {LIGO Scientific Collaboration} and {Virgo Collaboration}},
        title = "{GW190425: Observation of a Compact Binary Coalescence with Total Mass {\ensuremath{\sim}} 3.4 M$_{{\ensuremath{\odot}}}$}",
      journal = {\apjl},
     keywords = {1108, 678, Astrophysics - High Energy Astrophysical Phenomena, General Relativity and Quantum Cosmology},
         year = 2020,
        month = mar,
       volume = {892},
       number = {1},
          eid = {L3},
        pages = {L3},
          doi = {10.3847/2041-8213/ab75f5},
archivePrefix = {arXiv},
       eprint = {2001.01761},
 primaryClass = {astro-ph.HE},
       adsurl = {https://ui.adsabs.harvard.edu/abs/2020ApJ...892L...3A},
      adsnote = {Provided by the SAO/NASA Astrophysics Data System}
}

@ARTICLE{Miller2019,
       author = {{Miller}, M.~C. and {Lamb}, F.~K. and {Dittmann}, A.~J. and {Bogdanov}, S. and {Arzoumanian}, Z. and {Gendreau}, K.~C. and {Guillot}, S. and {Harding}, A.~K. and {Ho}, W.~C.~G. and {Lattimer}, J.~M. and {Ludlam}, R.~M. and {Mahmoodifar}, S. and {Morsink}, S.~M. and {Ray}, P.~S. and {Strohmayer}, T.~E. and {Wood}, K.~S. and {Enoto}, T. and {Foster}, R. and {Okajima}, T. and {Prigozhin}, G. and {Soong}, Y.},
        title = "{PSR J0030+0451 Mass and Radius from NICER Data and Implications for the Properties of Neutron Star Matter}",
      journal = {\apjl},
     keywords = {X-ray sources, Millisecond pulsars, Neutron stars, Neutron star cores, 1822, 1062, 1108, 1107, Astrophysics - High Energy Astrophysical Phenomena, Nuclear Theory},
         year = 2019,
        month = dec,
       volume = {887},
       number = {1},
          eid = {L24},
        pages = {L24},
          doi = {10.3847/2041-8213/ab50c5},
archivePrefix = {arXiv},
       eprint = {1912.05705},
 primaryClass = {astro-ph.HE},
       adsurl = {https://ui.adsabs.harvard.edu/abs/2019ApJ...887L..24M},
      adsnote = {Provided by the SAO/NASA Astrophysics Data System}
}

@ARTICLE{Raaijmakers2019,
       author = {{Raaijmakers}, G. and {Riley}, T.~E. and {Watts}, A.~L. and {Greif}, S.~K. and {Morsink}, S.~M. and {Hebeler}, K. and {Schwenk}, A. and {Hinderer}, T. and {Nissanke}, S. and {Guillot}, S. and {Arzoumanian}, Z. and {Bogdanov}, S. and {Chakrabarty}, D. and {Gendreau}, K.~C. and {Ho}, W.~C.~G. and {Lattimer}, J.~M. and {Ludlam}, R.~M. and {Wolff}, M.~T.},
        title = "{A Nicer View of PSR J0030+0451: Implications for the Dense Matter Equation of State}",
      journal = {\apjl},
     keywords = {Neutron stars, Nuclear astrophysics, Neutron star cores, Pulsars, Bayesian statistics, X-ray stars, Millisecond pulsars, 1108, 1129, 1107, 1306, 1900, 1823, 1062, Astrophysics - High Energy Astrophysical Phenomena, Astrophysics - Solar and Stellar Astrophysics, Nuclear Theory},
         year = 2019,
        month = dec,
       volume = {887},
       number = {1},
          eid = {L22},
        pages = {L22},
          doi = {10.3847/2041-8213/ab451a},
archivePrefix = {arXiv},
       eprint = {1912.05703},
 primaryClass = {astro-ph.HE},
       adsurl = {https://ui.adsabs.harvard.edu/abs/2019ApJ...887L..22R},
      adsnote = {Provided by the SAO/NASA Astrophysics Data System}
}

@ARTICLE{Landry2020,
       author = {{Landry}, Philippe and {Essick}, Reed and {Chatziioannou}, Katerina},
        title = "{Nonparametric constraints on neutron star matter with existing and upcoming gravitational wave and pulsar observations}",
      journal = {\prd},
     keywords = {Astrophysics - High Energy Astrophysical Phenomena, General Relativity and Quantum Cosmology, Nuclear Theory},
         year = 2020,
        month = jun,
       volume = {101},
       number = {12},
          eid = {123007},
        pages = {123007},
          doi = {10.1103/PhysRevD.101.123007},
archivePrefix = {arXiv},
       eprint = {2003.04880},
 primaryClass = {astro-ph.HE},
       adsurl = {https://ui.adsabs.harvard.edu/abs/2020PhRvD.101l3007L},
      adsnote = {Provided by the SAO/NASA Astrophysics Data System}
}

@ARTICLE{Raaijmakers2020,
       author = {{Raaijmakers}, G. and {Greif}, S.~K. and {Riley}, T.~E. and {Hinderer}, T. and {Hebeler}, K. and {Schwenk}, A. and {Watts}, A.~L. and {Nissanke}, S. and {Guillot}, S. and {Lattimer}, J.~M. and {Ludlam}, R.~M.},
        title = "{Constraining the Dense Matter Equation of State with Joint Analysis of NICER and LIGO/Virgo Measurements}",
      journal = {\apjl},
     keywords = {1107, 678, 1062, 1408, 1900, 2077, 1129, 1810, Astrophysics - High Energy Astrophysical Phenomena, Nuclear Theory},
         year = 2020,
        month = apr,
       volume = {893},
       number = {1},
          eid = {L21},
        pages = {L21},
          doi = {10.3847/2041-8213/ab822f},
archivePrefix = {arXiv},
       eprint = {1912.11031},
 primaryClass = {astro-ph.HE},
       adsurl = {https://ui.adsabs.harvard.edu/abs/2020ApJ...893L..21R},
      adsnote = {Provided by the SAO/NASA Astrophysics Data System}
}

@ARTICLE{Raaijmakers2021,
       author = {{Raaijmakers}, G. and {Greif}, S.~K. and {Hebeler}, K. and {Hinderer}, T. and {Nissanke}, S. and {Schwenk}, A. and {Riley}, T.~E. and {Watts}, A.~L. and {Lattimer}, J.~M. and {Ho}, W.~C.~G.},
        title = "{Constraints on the Dense Matter Equation of State and Neutron Star Properties from NICER's Mass-Radius Estimate of PSR J0740+6620 and Multimessenger Observations}",
      journal = {\apjl},
     keywords = {Neutron star cores, Nuclear astrophysics, Pulsars, Compact objects, Bayesian statistics, X-ray astronomy, Gravitational waves, Gravitational wave astronomy, 1107, 1129, 1306, 288, 1900, 1810, 678, 675, Astrophysics - High Energy Astrophysical Phenomena, Astrophysics - Solar and Stellar Astrophysics, Nuclear Experiment, Nuclear Theory},
         year = 2021,
        month = sep,
       volume = {918},
       number = {2},
          eid = {L29},
        pages = {L29},
          doi = {10.3847/2041-8213/ac089a},
archivePrefix = {arXiv},
       eprint = {2105.06981},
 primaryClass = {astro-ph.HE},
       adsurl = {https://ui.adsabs.harvard.edu/abs/2021ApJ...918L..29R},
      adsnote = {Provided by the SAO/NASA Astrophysics Data System}
}



@ARTICLE{Abbott2018_GW170817_EoS,
       author = {{Abbott}, B.~P. and {LIGO Scientific Collaboration} and {Virgo Collaboration}},
        title = "{GW170817: Measurements of Neutron Star Radii and Equation of State}",
      journal = {\prl},
     keywords = {General Relativity and Quantum Cosmology, Astrophysics - High Energy Astrophysical Phenomena},
         year = 2018,
        month = oct,
       volume = {121},
       number = {16},
          eid = {161101},
        pages = {161101},
          doi = {10.1103/PhysRevLett.121.161101},
archivePrefix = {arXiv},
       eprint = {1805.11581},
 primaryClass = {gr-qc},
       adsurl = {https://ui.adsabs.harvard.edu/abs/2018PhRvL.121p1101A},
      adsnote = {Provided by the SAO/NASA Astrophysics Data System}
}

@ARTICLE{Fonseca2021,
       author = {{Fonseca}, E. and {Cromartie}, H.~T. and {Pennucci}, T.~T. and {Ray}, P.~S. and {Kirichenko}, A. Yu. and {Ransom}, S.~M. and {Demorest}, P.~B. and {Stairs}, I.~H. and {Arzoumanian}, Z. and {Guillemot}, L. and {Parthasarathy}, A. and {Kerr}, M. and {Cognard}, I. and {Baker}, P.~T. and {Blumer}, H. and {Brook}, P.~R. and {DeCesar}, M. and {Dolch}, T. and {Dong}, F.~A. and {Ferrara}, E.~C. and {Fiore}, W. and {Garver-Daniels}, N. and {Good}, D.~C. and {Jennings}, R. and {Jones}, M.~L. and {Kaspi}, V.~M. and {Lam}, M.~T. and {Lorimer}, D.~R. and {Luo}, J. and {McEwen}, A. and {McKee}, J.~W. and {McLaughlin}, M.~A. and {McMann}, N. and {Meyers}, B.~W. and {Naidu}, A. and {Ng}, C. and {Nice}, D.~J. and {Pol}, N. and {Radovan}, H.~A. and {Shapiro-Albert}, B. and {Tan}, C.~M. and {Tendulkar}, S.~P. and {Swiggum}, J.~K. and {Wahl}, H.~M. and {Zhu}, W.~W.},
        title = "{Refined Mass and Geometric Measurements of the High-mass PSR J0740+6620}",
      journal = {\apjl},
     keywords = {Neutron stars, Pulsars, General relativity, Compact objects, Binary pulsars, 1108, 1306, 641, 288, 153, Astrophysics - High Energy Astrophysical Phenomena},
         year = 2021,
        month = jul,
       volume = {915},
       number = {1},
          eid = {L12},
        pages = {L12},
          doi = {10.3847/2041-8213/ac03b8},
archivePrefix = {arXiv},
       eprint = {2104.00880},
 primaryClass = {astro-ph.HE},
       adsurl = {https://ui.adsabs.harvard.edu/abs/2021ApJ...915L..12F},
      adsnote = {Provided by the SAO/NASA Astrophysics Data System}
}

@ARTICLE{Lynch2013,
       author = {{Lynch}, Ryan S. and {Boyles}, Jason and {Ransom}, Scott M. and {Stairs}, Ingrid H. and {Lorimer}, Duncan R. and {McLaughlin}, Maura A. and {Hessels}, Jason W.~T. and {Kaspi}, Victoria M. and {Kondratiev}, Vladislav I. and {Archibald}, Anne M. and {Berndsen}, Aaron and {Cardoso}, Rogerio F. and {Cherry}, Angus and {Epstein}, Courtney R. and {Karako-Argaman}, Chen and {McPhee}, Christie A. and {Pennucci}, Tim and {Roberts}, Mallory S.~E. and {Stovall}, Kevin and {van Leeuwen}, Joeri},
        title = "{The Green Bank Telescope 350 MHz Drift-scan Survey II: Data Analysis and the Timing of 10 New Pulsars, Including a Relativistic Binary}",
      journal = {\apj},
     keywords = {pulsars: individual: J0348+0432 J0458{\textendash}0505 J1501{\textendash}0046 J1518{\textendash}0627 J1547{\textendash}0944 J1853{\textendash}0649 J1918{\textendash}1052 J1923+2515 J2013{\textendash}0649 J2033+0042, surveys, Astrophysics - High Energy Astrophysical Phenomena},
         year = 2013,
        month = feb,
       volume = {763},
       number = {2},
          eid = {81},
        pages = {81},
          doi = {10.1088/0004-637X/763/2/81},
archivePrefix = {arXiv},
       eprint = {1209.4296},
 primaryClass = {astro-ph.HE},
       adsurl = {https://ui.adsabs.harvard.edu/abs/2013ApJ...763...81L},
      adsnote = {Provided by the SAO/NASA Astrophysics Data System}
}

@ARTICLE{Fryer2012,
       author = {{Fryer}, Chris L. and {Belczynski}, Krzysztof and {Wiktorowicz}, Grzegorz and {Dominik}, Michal and {Kalogera}, Vicky and {Holz}, Daniel E.},
        title = "{Compact Remnant Mass Function: Dependence on the Explosion Mechanism and Metallicity}",
      journal = {\apj},
     keywords = {black hole physics, stars: neutron, supernovae: general, Astrophysics - Solar and Stellar Astrophysics, Astrophysics - High Energy Astrophysical Phenomena},
         year = 2012,
        month = apr,
       volume = {749},
       number = {1},
          eid = {91},
        pages = {91},
          doi = {10.1088/0004-637X/749/1/91},
archivePrefix = {arXiv},
       eprint = {1110.1726},
 primaryClass = {astro-ph.SR},
       adsurl = {https://ui.adsabs.harvard.edu/abs/2012ApJ...749...91F},
      adsnote = {Provided by the SAO/NASA Astrophysics Data System}
}

@ARTICLE{LVC2021_GWTC2.1,
       author = {Abbott, B.~P. and {The LIGO Scientific Collaboration} and {the Virgo Collaboration}},
        title = "{GWTC-2.1: Deep Extended Catalog of Compact Binary Coalescences Observed by LIGO and Virgo During the First Half of the Third Observing Run}",
      journal = {arXiv e-prints},
     keywords = {General Relativity and Quantum Cosmology},
         year = 2021,
        month = aug,
          eid = {arXiv:2108.01045},
        pages = {arXiv:2108.01045},
archivePrefix = {arXiv},
       eprint = {2108.01045},
 primaryClass = {gr-qc},
       adsurl = {https://ui.adsabs.harvard.edu/abs/2021arXiv210801045T},
      adsnote = {Provided by the SAO/NASA Astrophysics Data System}
}

@ARTICLE{Burns2016,
       author = {{Burns}, Eric and {Connaughton}, Valerie and {Zhang}, Bin-Bin and {Lien}, Amy and {Briggs}, Michael S. and {Goldstein}, Adam and {Pelassa}, Veronique and {Troja}, Eleonora},
        title = "{Do the Fermi Gamma-Ray Burst Monitor and Swift Burst Alert Telescope see the Same Short Gamma-Ray Bursts?}",
      journal = {\apj},
     keywords = {gamma-ray burst: general, Astrophysics - High Energy Astrophysical Phenomena},
         year = 2016,
        month = feb,
       volume = {818},
       number = {2},
          eid = {110},
        pages = {110},
          doi = {10.3847/0004-637X/818/2/110},
archivePrefix = {arXiv},
       eprint = {1512.00923},
 primaryClass = {astro-ph.HE},
       adsurl = {https://ui.adsabs.harvard.edu/abs/2016ApJ...818..110B},
      adsnote = {Provided by the SAO/NASA Astrophysics Data System}
}

@ARTICLE{Hogg1999,
       author = {{Hogg}, David W.},
        title = "{Distance measures in cosmology}",
      journal = {arXiv e-prints},
     keywords = {Astrophysics},
         year = 1999,
        month = may,
          eid = {astro-ph/9905116},
        pages = {astro-ph/9905116},
archivePrefix = {arXiv},
       eprint = {astro-ph/9905116},
 primaryClass = {astro-ph},
       adsurl = {https://ui.adsabs.harvard.edu/abs/1999astro.ph..5116H},
      adsnote = {Provided by the SAO/NASA Astrophysics Data System}
}

@ARTICLE{Goldstein2017,
       author = {{Goldstein}, A. and {Veres}, P. and {Burns}, E. and {Briggs}, M.~S. and {Hamburg}, R. and {Kocevski}, D. and {Wilson-Hodge}, C.~A. and {Preece}, R.~D. and {Poolakkil}, S. and {Roberts}, O.~J. and {Hui}, C.~M. and {Connaughton}, V. and {Racusin}, J. and {von Kienlin}, A. and {Dal Canton}, T. and {Christensen}, N. and {Littenberg}, T. and {Siellez}, K. and {Blackburn}, L. and {Broida}, J. and {Bissaldi}, E. and {Cleveland}, W.~H. and {Gibby}, M.~H. and {Giles}, M.~M. and {Kippen}, R.~M. and {McBreen}, S. and {McEnery}, J. and {Meegan}, C.~A. and {Paciesas}, W.~S. and {Stanbro}, M.},
        title = "{An Ordinary Short Gamma-Ray Burst with Extraordinary Implications: Fermi-GBM Detection of GRB 170817A}",
      journal = {\apjl},
     keywords = {gamma-ray burst: individual: 170817A, Astrophysics - High Energy Astrophysical Phenomena},
         year = 2017,
        month = oct,
       volume = {848},
       number = {2},
          eid = {L14},
        pages = {L14},
          doi = {10.3847/2041-8213/aa8f41},
archivePrefix = {arXiv},
       eprint = {1710.05446},
 primaryClass = {astro-ph.HE},
       adsurl = {https://ui.adsabs.harvard.edu/abs/2017ApJ...848L..14G},
      adsnote = {Provided by the SAO/NASA Astrophysics Data System}
}

@ARTICLE{Hjorth2017,
       author = {{Hjorth}, Jens and {Levan}, Andrew J. and {Tanvir}, Nial R. and {Lyman}, Joe D. and {Wojtak}, Rados{\l}aw and {Schr{\o}der}, Sophie L. and {Mandel}, Ilya and {Gall}, Christa and {Bruun}, Sofie H.},
        title = "{The Distance to NGC 4993: The Host Galaxy of the Gravitational-wave Event GW170817}",
      journal = {\apjl},
     keywords = {galaxies: distances and redshifts, galaxies: fundamental parameters, galaxies: individual: NGC 4993, Astrophysics - Astrophysics of Galaxies, Astrophysics - Cosmology and Nongalactic Astrophysics, Astrophysics - High Energy Astrophysical Phenomena},
         year = 2017,
        month = oct,
       volume = {848},
       number = {2},
          eid = {L31},
        pages = {L31},
          doi = {10.3847/2041-8213/aa9110},
archivePrefix = {arXiv},
       eprint = {1710.05856},
 primaryClass = {astro-ph.GA},
       adsurl = {https://ui.adsabs.harvard.edu/abs/2017ApJ...848L..31H},
      adsnote = {Provided by the SAO/NASA Astrophysics Data System}
}

@ARTICLE{Planck2016,
       author = {{Planck Collaboration}},
        title = "{Planck 2015 results. XIII. Cosmological parameters}",
      journal = {\aap},
     keywords = {cosmology: observations, cosmology: theory, cosmic background radiation, cosmological parameters, Astrophysics - Cosmology and Nongalactic Astrophysics},
         year = 2016,
        month = sep,
       volume = {594},
          eid = {A13},
        pages = {A13},
          doi = {10.1051/0004-6361/201525830},
archivePrefix = {arXiv},
       eprint = {1502.01589},
 primaryClass = {astro-ph.CO},
       adsurl = {https://ui.adsabs.harvard.edu/abs/2016A&A...594A..13P},
      adsnote = {Provided by the SAO/NASA Astrophysics Data System}
}

@ARTICLE{DellaValle2018,
       author = {{Della Valle}, M. and {Guetta}, D. and {Cappellaro}, E. and {Amati}, L. and {Botticella}, M.~T. and {Branchesi}, M. and {Brocato}, E. and {Izzo}, L. and {Perez-Torres}, M.~A. and {Stratta}, G.},
        title = "{GW170817: implications for the local kilonova rate and for surveys from ground-based facilities}",
      journal = {\mnras},
     keywords = {gravitational waves, gamma-ray burst: general, supernovae: general, Astrophysics - High Energy Astrophysical Phenomena},
         year = 2018,
        month = dec,
       volume = {481},
       number = {4},
        pages = {4355-4360},
          doi = {10.1093/mnras/sty2541},
archivePrefix = {arXiv},
       eprint = {1809.04295},
 primaryClass = {astro-ph.HE},
       adsurl = {https://ui.adsabs.harvard.edu/abs/2018MNRAS.481.4355D},
      adsnote = {Provided by the SAO/NASA Astrophysics Data System}
}

@ARTICLE{Dessart2009,
       author = {{Dessart}, L. and {Ott}, C.~D. and {Burrows}, A. and {Rosswog}, S. and {Livne}, E.},
        title = "{Neutrino Signatures and the Neutrino-Driven Wind in Binary Neutron Star Mergers}",
      journal = {\apj},
     keywords = {gamma rays: bursts, hydrodynamics, neutrinos, stars: neutron, stars: rotation, supernovae: general, Astrophysics},
         year = 2009,
        month = jan,
       volume = {690},
       number = {2},
        pages = {1681-1705},
          doi = {10.1088/0004-637X/690/2/1681},
archivePrefix = {arXiv},
       eprint = {0806.4380},
 primaryClass = {astro-ph},
       adsurl = {https://ui.adsabs.harvard.edu/abs/2009ApJ...690.1681D},
      adsnote = {Provided by the SAO/NASA Astrophysics Data System}
}

@ARTICLE{Ciolfi2020_winds,
       author = {{Ciolfi}, Riccardo and {Kalinani}, Jay Vijay},
        title = "{Magnetically Driven Baryon Winds from Binary Neutron Star Merger Remnants and the Blue Kilonova of 2017 August}",
      journal = {\apjl},
     keywords = {Neutron stars, Compact binary stars, Magnetohydrodynamical simulations, Gamma-ray bursts, Gravitational wave sources, 1108, 283, 1966, 629, 677, Astrophysics - High Energy Astrophysical Phenomena, Astrophysics - Solar and Stellar Astrophysics, General Relativity and Quantum Cosmology},
         year = 2020,
        month = sep,
       volume = {900},
       number = {2},
          eid = {L35},
        pages = {L35},
          doi = {10.3847/2041-8213/abb240},
archivePrefix = {arXiv},
       eprint = {2004.11298},
 primaryClass = {astro-ph.HE},
       adsurl = {https://ui.adsabs.harvard.edu/abs/2020ApJ...900L..35C},
      adsnote = {Provided by the SAO/NASA Astrophysics Data System}
}

@ARTICLE{Radice2018,
       author = {{Radice}, David and {Perego}, Albino and {Bernuzzi}, Sebastiano and {Zhang}, Bing},
        title = "{Long-lived remnants from binary neutron star mergers}",
      journal = {\mnras},
     keywords = {Stars: neutron, Astrophysics - High Energy Astrophysical Phenomena, General Relativity and Quantum Cosmology},
         year = 2018,
        month = dec,
       volume = {481},
       number = {3},
        pages = {3670-3682},
          doi = {10.1093/mnras/sty2531},
archivePrefix = {arXiv},
       eprint = {1803.10865},
 primaryClass = {astro-ph.HE},
       adsurl = {https://ui.adsabs.harvard.edu/abs/2018MNRAS.481.3670R},
      adsnote = {Provided by the SAO/NASA Astrophysics Data System}
}

@ARTICLE{Kiuchi2018,
       author = {{Kiuchi}, Kenta and {Kyutoku}, Koutarou and {Sekiguchi}, Yuichiro and {Shibata}, Masaru},
        title = "{Global simulations of strongly magnetized remnant massive neutron stars formed in binary neutron star mergers}",
      journal = {\prd},
     keywords = {Astrophysics - High Energy Astrophysical Phenomena, Astrophysics - Cosmology and Nongalactic Astrophysics, Astrophysics - Solar and Stellar Astrophysics, General Relativity and Quantum Cosmology},
         year = 2018,
        month = jun,
       volume = {97},
       number = {12},
          eid = {124039},
        pages = {124039},
          doi = {10.1103/PhysRevD.97.124039},
archivePrefix = {arXiv},
       eprint = {1710.01311},
 primaryClass = {astro-ph.HE},
       adsurl = {https://ui.adsabs.harvard.edu/abs/2018PhRvD..97l4039K},
      adsnote = {Provided by the SAO/NASA Astrophysics Data System}
}

@ARTICLE{LVC2020_GW190425,
       author = {Abbott, B.~P. and {The LIGO Scientific Collaboration} and {the Virgo Collaboration}},
        title = "{GW190425: Observation of a Compact Binary Coalescence with Total Mass {\ensuremath{\sim}} 3.4 M$_{{\ensuremath{\odot}}}$}",
      journal = {\apjl},
     keywords = {1108, 678, Astrophysics - High Energy Astrophysical Phenomena, General Relativity and Quantum Cosmology},
         year = 2020,
        month = mar,
       volume = {892},
       number = {1},
          eid = {L3},
        pages = {L3},
          doi = {10.3847/2041-8213/ab75f5},
archivePrefix = {arXiv},
       eprint = {2001.01761},
 primaryClass = {astro-ph.HE},
       adsurl = {https://ui.adsabs.harvard.edu/abs/2020ApJ...892L...3A},
      adsnote = {Provided by the SAO/NASA Astrophysics Data System}
}

@ARTICLE{Hosseinzadeh2019,
       author = {{Hosseinzadeh}, G. and {Cowperthwaite}, P.~S. and {Gomez}, S. and {Villar}, V.~A. and {Nicholl}, M. and {Margutti}, R. and {Berger}, E. and {Chornock}, R. and {Paterson}, K. and {Fong}, W. and {Savchenko}, V. and {Short}, P. and {Alexander}, K.~D. and {Blanchard}, P.~K. and {Braga}, J. and {Calkins}, M.~L. and {Cartier}, R. and {Coppejans}, D.~L. and {Eftekhari}, T. and {Laskar}, T. and {Ly}, C. and {Patton}, L. and {Pelisoli}, I. and {Reichart}, D.~E. and {Terreran}, G. and {Williams}, P.~K.~G.},
        title = "{Follow-up of the Neutron Star Bearing Gravitational-wave Candidate Events S190425z and S190426c with MMT and SOAR}",
      journal = {\apjl},
     keywords = {binaries: close, gravitational waves, methods: observational, stars: black holes, stars: neutron, Astrophysics - High Energy Astrophysical Phenomena, Astrophysics - Solar and Stellar Astrophysics},
         year = 2019,
        month = jul,
       volume = {880},
       number = {1},
          eid = {L4},
        pages = {L4},
          doi = {10.3847/2041-8213/ab271c},
archivePrefix = {arXiv},
       eprint = {1905.02186},
 primaryClass = {astro-ph.HE},
       adsurl = {https://ui.adsabs.harvard.edu/abs/2019ApJ...880L...4H},
      adsnote = {Provided by the SAO/NASA Astrophysics Data System}
}

@ARTICLE{Schutz2011,
       author = {{Schutz}, Bernard F.},
        title = "{Networks of gravitational wave detectors and three figures of merit}",
      journal = {Classical and Quantum Gravity},
     keywords = {Astrophysics - Instrumentation and Methods for Astrophysics, Astrophysics - High Energy Astrophysical Phenomena, General Relativity and Quantum Cosmology},
         year = 2011,
        month = jun,
       volume = {28},
       number = {12},
          eid = {125023},
        pages = {125023},
          doi = {10.1088/0264-9381/28/12/125023},
archivePrefix = {arXiv},
       eprint = {1102.5421},
 primaryClass = {astro-ph.IM},
       adsurl = {https://ui.adsabs.harvard.edu/abs/2011CQGra..28l5023S},
      adsnote = {Provided by the SAO/NASA Astrophysics Data System}
}

@ARTICLE{Miller2021,
       author = {{Miller}, M.~C. and {Lamb}, F.~K. and {Dittmann}, A.~J. and {Bogdanov}, S. and {Arzoumanian}, Z. and {Gendreau}, K.~C. and {Guillot}, S. and {Ho}, W.~C.~G. and {Lattimer}, J.~M. and {Loewenstein}, M. and {Morsink}, S.~M. and {Ray}, P.~S. and {Wolff}, M.~T. and {Baker}, C.~L. and {Cazeau}, T. and {Manthripragada}, S. and {Markwardt}, C.~B. and {Okajima}, T. and {Pollard}, S. and {Cognard}, I. and {Cromartie}, H.~T. and {Fonseca}, E. and {Guillemot}, L. and {Kerr}, M. and {Parthasarathy}, A. and {Pennucci}, T.~T. and {Ransom}, S. and {Stairs}, I.},
        title = "{The Radius of PSR J0740+6620 from NICER and XMM-Newton Data}",
      journal = {\apjl},
     keywords = {X-ray sources, Millisecond pulsars, Neutron stars, Neutron star cores, 1822, 1062, 1108, 1107, Astrophysics - High Energy Astrophysical Phenomena, General Relativity and Quantum Cosmology, Nuclear Experiment, Nuclear Theory},
         year = 2021,
        month = sep,
       volume = {918},
       number = {2},
          eid = {L28},
        pages = {L28},
          doi = {10.3847/2041-8213/ac089b},
archivePrefix = {arXiv},
       eprint = {2105.06979},
 primaryClass = {astro-ph.HE},
       adsurl = {https://ui.adsabs.harvard.edu/abs/2021ApJ...918L..28M},
      adsnote = {Provided by the SAO/NASA Astrophysics Data System}
}

@article{Wegner1960,
author = {Wegner, Peter},
title = {A Technique for Counting Ones in a Binary Computer},
year = {1960},
issue_date = {May 1960},
publisher = {Association for Computing Machinery},
address = {New York, NY, USA},
volume = {3},
number = {5},
issn = {0001-0782},
url = {https://doi.org/10.1145/367236.367286},
doi = {10.1145/367236.367286},
abstract = {Standard methods of counting binary ones on a computer with a 704 type instruction
code require an inner loop which is carried out once for each bit in the machine word.
Program 1 (written in SAP language for purposes of illustration) is an example of
such a standard program.},
journal = {Commun. ACM},
month = may,
pages = {322},
numpages = {1}
}

  

@ARTICLE{Farrow2019,
       author = {{Farrow}, Nicholas and {Zhu}, Xing-Jiang and {Thrane}, Eric},
        title = "{The Mass Distribution of Galactic Double Neutron Stars}",
      journal = {\apj},
     keywords = {gravitational waves, methods: data analysis, pulsars: general, stars: neutron, Astrophysics - High Energy Astrophysical Phenomena, Astrophysics - Instrumentation and Methods for Astrophysics, Astrophysics - Solar and Stellar Astrophysics, General Relativity and Quantum Cosmology},
         year = 2019,
        month = may,
       volume = {876},
       number = {1},
          eid = {18},
        pages = {18},
          doi = {10.3847/1538-4357/ab12e3},
archivePrefix = {arXiv},
       eprint = {1902.03300},
 primaryClass = {astro-ph.HE},
       adsurl = {https://ui.adsabs.harvard.edu/abs/2019ApJ...876...18F},
      adsnote = {Provided by the SAO/NASA Astrophysics Data System}
}

@ARTICLE{LVC2021_GWTC3pop,
       author = {Abbott, B.~P. and {The LIGO Scientific Collaboration} and {the Virgo Collaboration} and {the KAGRA Collaboration}},
        title = "{The population of merging compact binaries inferred using gravitational waves through GWTC-3}",
      journal = {arXiv e-prints},
     keywords = {Astrophysics - High Energy Astrophysical Phenomena, General Relativity and Quantum Cosmology},
         year = 2021,
        month = nov,
          eid = {arXiv:2111.03634},
        pages = {arXiv:2111.03634},
archivePrefix = {arXiv},
       eprint = {2111.03634},
 primaryClass = {astro-ph.HE},
       adsurl = {https://ui.adsabs.harvard.edu/abs/2021arXiv211103634T},
      adsnote = {Provided by the SAO/NASA Astrophysics Data System}
}

@ARTICLE{LVC2021_GWTC3,
       author = {Abbott, B.~P. and {The LIGO Scientific Collaboration} and {the Virgo Collaboration} and {the KAGRA Collaboration}},
        title = "{GWTC-3: Compact Binary Coalescences Observed by LIGO and Virgo During the Second Part of the Third Observing Run}",
      journal = {arXiv e-prints},
     keywords = {General Relativity and Quantum Cosmology, Astrophysics - High Energy Astrophysical Phenomena},
         year = 2021,
        month = nov,
          eid = {arXiv:2111.03606},
        pages = {arXiv:2111.03606},
archivePrefix = {arXiv},
       eprint = {2111.03606},
 primaryClass = {gr-qc},
       adsurl = {https://ui.adsabs.harvard.edu/abs/2021arXiv211103606T},
      adsnote = {Provided by the SAO/NASA Astrophysics Data System}
}

@ARTICLE{Pol2020,
       author = {{Pol}, Nihan and {McLaughlin}, Maura and {Lorimer}, Duncan R.},
        title = "{An Updated Galactic Double Neutron Star Merger Rate Based on Radio Pulsar Populations}",
      journal = {Research Notes of the American Astronomical Society},
     keywords = {153, 675, 677, 1353, 1062, 1306, Astrophysics - High Energy Astrophysical Phenomena},
         year = 2020,
        month = feb,
       volume = {4},
       number = {2},
          eid = {22},
        pages = {22},
          doi = {10.3847/2515-5172/ab7307},
archivePrefix = {arXiv},
       eprint = {2002.10225},
 primaryClass = {astro-ph.HE},
       adsurl = {https://ui.adsabs.harvard.edu/abs/2020RNAAS...4...22P},
      adsnote = {Provided by the SAO/NASA Astrophysics Data System}
}

@ARTICLE{Grunthal2021,
       author = {{Grunthal}, K. and {Kramer}, M. and {Desvignes}, G.},
        title = "{Revisiting the Galactic Double Neutron Star merger and LIGO detection rates}",
      journal = {\mnras},
     keywords = {Astrophysics - High Energy Astrophysical Phenomena},
         year = 2021,
        month = nov,
       volume = {507},
       number = {4},
        pages = {5658-5670},
          doi = {10.1093/mnras/stab2198},
archivePrefix = {arXiv},
       eprint = {2107.13307},
 primaryClass = {astro-ph.HE},
       adsurl = {https://ui.adsabs.harvard.edu/abs/2021MNRAS.507.5658G},
      adsnote = {Provided by the SAO/NASA Astrophysics Data System}
}

@ARTICLE{Kim2003,
       author = {{Kim}, C. and {Kalogera}, V. and {Lorimer}, D.~R.},
        title = "{The Probability Distribution of Binary Pulsar Coalescence Rates. I. Double Neutron Star Systems in the Galactic Field}",
      journal = {\apj},
     keywords = {Stars: Binaries: Close, Gravitational Waves, Stars: Neutron, Astrophysics, General Relativity and Quantum Cosmology},
         year = 2003,
        month = feb,
       volume = {584},
       number = {2},
        pages = {985-995},
          doi = {10.1086/345740},
archivePrefix = {arXiv},
       eprint = {astro-ph/0207408},
 primaryClass = {astro-ph},
       adsurl = {https://ui.adsabs.harvard.edu/abs/2003ApJ...584..985K},
      adsnote = {Provided by the SAO/NASA Astrophysics Data System}
}

@ARTICLE{Abadie2010,
       author = {{Abadie}, J. and {Abbott}, B.~P. and {Abbott}, R. and {LIGO Scientific Collaboration} and {Virgo Collaboration}},
        title = "{TOPICAL REVIEW:  Predictions for the rates of compact binary coalescences observable by ground-based gravitational-wave detectors}",
      journal = {Classical and Quantum Gravity},
     keywords = {Astrophysics - High Energy Astrophysical Phenomena, Astrophysics - Cosmology and Nongalactic Astrophysics, General Relativity and Quantum Cosmology},
         year = 2010,
        month = sep,
       volume = {27},
       number = {17},
          eid = {173001},
        pages = {173001},
          doi = {10.1088/0264-9381/27/17/173001},
archivePrefix = {arXiv},
       eprint = {1003.2480},
 primaryClass = {astro-ph.HE},
       adsurl = {https://ui.adsabs.harvard.edu/abs/2010CQGra..27q3001A},
      adsnote = {Provided by the SAO/NASA Astrophysics Data System}
}

@ARTICLE{Kopparapu2008,
       author = {{Kopparapu}, Ravi Kumar and {Hanna}, Chad and {Kalogera}, Vicky and {O'Shaughnessy}, Richard and {Gonz{\'a}lez}, Gabriela and {Brady}, Patrick R. and {Fairhurst}, Stephen},
        title = "{Host Galaxies Catalog Used in LIGO Searches for Compact Binary Coalescence Events}",
      journal = {\apj},
     keywords = {binaries: close, catalogs, galaxies: luminosity function, mass function, gravitational waves, stars: neutron, Astrophysics},
         year = 2008,
        month = mar,
       volume = {675},
       number = {2},
        pages = {1459-1467},
          doi = {10.1086/527348},
archivePrefix = {arXiv},
       eprint = {0706.1283},
 primaryClass = {astro-ph},
       adsurl = {https://ui.adsabs.harvard.edu/abs/2008ApJ...675.1459K},
      adsnote = {Provided by the SAO/NASA Astrophysics Data System}
}

@ARTICLE{Mandel2021rates,
       author = {{Mandel}, Ilya and {Broekgaarden}, Floor S.},
        title = "{Rates of Compact Object Coalescences}",
      journal = {arXiv e-prints},
     keywords = {Astrophysics - High Energy Astrophysical Phenomena, Astrophysics - Cosmology and Nongalactic Astrophysics},
         year = 2021,
        month = jul,
          eid = {arXiv:2107.14239},
        pages = {arXiv:2107.14239},
archivePrefix = {arXiv},
       eprint = {2107.14239},
 primaryClass = {astro-ph.HE},
       adsurl = {https://ui.adsabs.harvard.edu/abs/2021arXiv210714239M},
      adsnote = {Provided by the SAO/NASA Astrophysics Data System}
}

@ARTICLE{Wanderman2015,
       author = {{Wanderman}, David and {Piran}, Tsvi},
        title = "{The rate, luminosity function and time delay of non-Collapsar short GRBs}",
      journal = {\mnras},
     keywords = {gravitational waves, nuclear reactions, nucleosynthesis, abundances, binaries: general, gamma-ray burst: general, stars: neutron, Astrophysics - High Energy Astrophysical Phenomena, Astrophysics - Cosmology and Nongalactic Astrophysics},
         year = 2015,
        month = apr,
       volume = {448},
       number = {4},
        pages = {3026-3037},
          doi = {10.1093/mnras/stv123},
archivePrefix = {arXiv},
       eprint = {1405.5878},
 primaryClass = {astro-ph.HE},
       adsurl = {https://ui.adsabs.harvard.edu/abs/2015MNRAS.448.3026W},
      adsnote = {Provided by the SAO/NASA Astrophysics Data System}
}

@ARTICLE{Ghirlanda2016,
       author = {{Ghirlanda}, G. and {Salafia}, O.~S. and {Pescalli}, A. and {Ghisellini}, G. and {Salvaterra}, R. and {Chassande-Mottin}, E. and {Colpi}, M. and {Nappo}, F. and {D'Avanzo}, P. and {Melandri}, A. and {Bernardini}, M.~G. and {Branchesi}, M. and {Campana}, S. and {Ciolfi}, R. and {Covino}, S. and {G{\"o}tz}, D. and {Vergani}, S.~D. and {Zennaro}, M. and {Tagliaferri}, G.},
        title = "{Short gamma-ray bursts at the dawn of the gravitational wave era}",
      journal = {\aap},
     keywords = {gamma-ray burst: general, gravitational waves, methods: numerical, Astrophysics - High Energy Astrophysical Phenomena, General Relativity and Quantum Cosmology},
         year = 2016,
        month = oct,
       volume = {594},
          eid = {A84},
        pages = {A84},
          doi = {10.1051/0004-6361/201628993},
archivePrefix = {arXiv},
       eprint = {1607.07875},
 primaryClass = {astro-ph.HE},
       adsurl = {https://ui.adsabs.harvard.edu/abs/2016A&A...594A..84G},
      adsnote = {Provided by the SAO/NASA Astrophysics Data System}
}

@ARTICLE{Legred2021,
       author = {{Legred}, Isaac and {Chatziioannou}, Katerina and {Essick}, Reed and {Han}, Sophia and {Landry}, Philippe},
        title = "{Impact of the PSR J 0740 +6620 radius constraint on the properties of high-density matter}",
      journal = {\prd},
     keywords = {Astrophysics - High Energy Astrophysical Phenomena, General Relativity and Quantum Cosmology, Nuclear Theory},
         year = 2021,
        month = sep,
       volume = {104},
       number = {6},
          eid = {063003},
        pages = {063003},
          doi = {10.1103/PhysRevD.104.063003},
archivePrefix = {arXiv},
       eprint = {2106.05313},
 primaryClass = {astro-ph.HE},
       adsurl = {https://ui.adsabs.harvard.edu/abs/2021PhRvD.104f3003L},
      adsnote = {Provided by the SAO/NASA Astrophysics Data System}
}

@ARTICLE{Pang2021,
       author = {{Pang}, Peter T.~H. and {Tews}, Ingo and {Coughlin}, Michael W. and {Bulla}, Mattia and {Van Den Broeck}, Chris and {Dietrich}, Tim},
        title = "{Nuclear Physics Multimessenger Astrophysics Constraints on the Neutron Star Equation of State: Adding NICER's PSR J0740+6620 Measurement}",
      journal = {\apj},
     keywords = {Nuclear physics, Neutron stars, Neutron star cores, Gravitational waves, 2077, 1108, 1107, 678, Astrophysics - High Energy Astrophysical Phenomena, Astrophysics - Solar and Stellar Astrophysics, General Relativity and Quantum Cosmology, Nuclear Experiment, Nuclear Theory},
         year = 2021,
        month = nov,
       volume = {922},
       number = {1},
          eid = {14},
        pages = {14},
          doi = {10.3847/1538-4357/ac19ab},
archivePrefix = {arXiv},
       eprint = {2105.08688},
 primaryClass = {astro-ph.HE},
       adsurl = {https://ui.adsabs.harvard.edu/abs/2021ApJ...922...14P},
      adsnote = {Provided by the SAO/NASA Astrophysics Data System}
}

@ARTICLE{Dominik2012,
       author = {{Dominik}, Michal and {Belczynski}, Krzysztof and {Fryer}, Christopher and {Holz}, Daniel E. and {Berti}, Emanuele and {Bulik}, Tomasz and {Mandel}, Ilya and {O'Shaughnessy}, Richard},
        title = "{Double Compact Objects. I. The Significance of the Common Envelope on Merger Rates}",
      journal = {\apj},
     keywords = {binaries: general, black hole physics, stars: evolution, stars: neutron, Astrophysics - High Energy Astrophysical Phenomena, General Relativity and Quantum Cosmology},
         year = 2012,
        month = nov,
       volume = {759},
       number = {1},
          eid = {52},
        pages = {52},
          doi = {10.1088/0004-637X/759/1/52},
archivePrefix = {arXiv},
       eprint = {1202.4901},
 primaryClass = {astro-ph.HE},
       adsurl = {https://ui.adsabs.harvard.edu/abs/2012ApJ...759...52D},
      adsnote = {Provided by the SAO/NASA Astrophysics Data System}
}

@ARTICLE{VignaGomez2018,
       author = {{Vigna-G{\'o}mez}, Alejandro and {Neijssel}, Coenraad J. and {Stevenson}, Simon and {Barrett}, Jim W. and {Belczynski}, Krzysztof and {Justham}, Stephen and {de Mink}, Selma E. and {M{\"u}ller}, Bernhard and {Podsiadlowski}, Philipp and {Renzo}, Mathieu and {Sz{\'e}csi}, Dorottya and {Mandel}, Ilya},
        title = "{On the formation history of Galactic double neutron stars}",
      journal = {\mnras},
     keywords = {binaries: general, stars: neutron, pulsars: general, Astrophysics - Solar and Stellar Astrophysics, Astrophysics - High Energy Astrophysical Phenomena},
         year = 2018,
        month = dec,
       volume = {481},
       number = {3},
        pages = {4009-4029},
          doi = {10.1093/mnras/sty2463},
archivePrefix = {arXiv},
       eprint = {1805.07974},
 primaryClass = {astro-ph.SR},
       adsurl = {https://ui.adsabs.harvard.edu/abs/2018MNRAS.481.4009V},
      adsnote = {Provided by the SAO/NASA Astrophysics Data System}
}


@ARTICLE{Mapelli2018,
       author = {{Mapelli}, Michela and {Giacobbo}, Nicola},
        title = "{The cosmic merger rate of neutron stars and black holes}",
      journal = {\mnras},
     keywords = {stars: neutron, black hole physics, gravitational waves, methods: numerical, stars: mass-loss, Astrophysics - High Energy Astrophysical Phenomena, Astrophysics - Cosmology and Nongalactic Astrophysics, Astrophysics - Astrophysics of Galaxies, Astrophysics - Solar and Stellar Astrophysics},
         year = 2018,
        month = oct,
       volume = {479},
       number = {4},
        pages = {4391-4398},
          doi = {10.1093/mnras/sty1613},
archivePrefix = {arXiv},
       eprint = {1806.04866},
 primaryClass = {astro-ph.HE},
       adsurl = {https://ui.adsabs.harvard.edu/abs/2018MNRAS.479.4391M},
      adsnote = {Provided by the SAO/NASA Astrophysics Data System}
}

@ARTICLE{LVC2020prospects,
       author = {Abbott, B.~P. and {LIGO Scientific Collaboration} and {Virgo Collaboration} and {KAGRA Collaboration}},
        title = "{Prospects for observing and localizing gravitational-wave transients with Advanced LIGO, Advanced Virgo and KAGRA}",
      journal = {Living Reviews in Relativity},
     keywords = {Gravitational waves, Gravitational-wave detectors, Electromagnetic counterparts, Data analysis},
         year = 2020,
        month = sep,
       volume = {23},
       number = {1},
          eid = {3},
        pages = {3},
          doi = {10.1007/s41114-020-00026-9},
       adsurl = {https://ui.adsabs.harvard.edu/abs/2020LRR....23....3A},
      adsnote = {Provided by the SAO/NASA Astrophysics Data System}
}

@ARTICLE{Good2021,
       author = {{Good}, D.~C. and {Andersen}, B.~C. and {Chawla}, P. and {Crowter}, K. and {Dong}, F.~Q. and {Fonseca}, E. and {Meyers}, B.~W. and {Ng}, C. and {Pleunis}, Z. and {Ransom}, S.~M. and {Stairs}, I.~H. and {Tan}, C.~M. and {Bhardwaj}, M. and {Boyle}, P.~J. and {Dobbs}, M. and {Gaensler}, B.~M. and {Kaspi}, V.~M. and {Masui}, K.~W. and {Naidu}, A. and {Rafiei-Ravandi}, M. and {Scholz}, P. and {Smith}, K.~M. and {Tendulkar}, S.~P.},
        title = "{First Discovery of New Pulsars and RRATs with CHIME/FRB}",
      journal = {\apj},
     keywords = {Pulsars, Radio pulsars, 1306, 1353, Astrophysics - High Energy Astrophysical Phenomena},
         year = 2021,
        month = nov,
       volume = {922},
       number = {1},
          eid = {43},
        pages = {43},
          doi = {10.3847/1538-4357/ac1da6},
archivePrefix = {arXiv},
       eprint = {2012.02320},
 primaryClass = {astro-ph.HE},
       adsurl = {https://ui.adsabs.harvard.edu/abs/2021ApJ...922...43G},
      adsnote = {Provided by the SAO/NASA Astrophysics Data System}
}

@ARTICLE{Agazie2021,
       author = {{Agazie}, G.~Y. and {Mingyar}, M.~G. and {McLaughlin}, M.~A. and {Swiggum}, J.~K. and {Kaplan}, D.~L. and {Blumer}, H. and {Chawla}, P. and {DeCesar}, M. and {Demorest}, P.~B. and {Fiore}, W. and {Fonseca}, E. and {Gelfand}, J.~D. and {Kaspi}, V.~M. and {Kondratiev}, V.~I. and {LaRose}, M. and {van Leeuwen}, J. and {Levin}, L. and {Lewis}, E.~F. and {Lynch}, R.~S. and {McEwen}, A.~E. and {Al Noori}, H. and {Parent}, E. and {Ransom}, S.~M. and {Roberts}, M.~S.~E. and {Schmiedekamp}, A. and {Schmiedekamp}, C. and {Siemens}, X. and {Spiewak}, R. and {Stairs}, I.~H. and {Surnis}, M.},
        title = "{The Green Bank Northern Celestial Cap Pulsar Survey. VI. Discovery and Timing of PSR J1759+5036: A Double Neutron Star Binary Pulsar}",
      journal = {\apj},
     keywords = {Binary pulsars, Pulsars, Radio pulsars, Neutron stars, 153, 1306, 1353, 1108, Astrophysics - High Energy Astrophysical Phenomena, Astrophysics - Solar and Stellar Astrophysics},
         year = 2021,
        month = nov,
       volume = {922},
       number = {1},
          eid = {35},
        pages = {35},
          doi = {10.3847/1538-4357/ac142b},
archivePrefix = {arXiv},
       eprint = {2102.10214},
 primaryClass = {astro-ph.HE},
       adsurl = {https://ui.adsabs.harvard.edu/abs/2021ApJ...922...35A},
      adsnote = {Provided by the SAO/NASA Astrophysics Data System}
}

@ARTICLE{Landry2021,
       author = {{Landry}, Philippe and {Read}, Jocelyn S.},
        title = "{The Mass Distribution of Neutron Stars in Gravitational-wave Binaries}",
      journal = {\apjl},
     keywords = {Neutron stars, Gravitational waves, Compact objects, Bayesian statistics, 1108, 678, 288, 1900, Astrophysics - High Energy Astrophysical Phenomena, General Relativity and Quantum Cosmology},
         year = 2021,
        month = nov,
       volume = {921},
       number = {2},
          eid = {L25},
        pages = {L25},
          doi = {10.3847/2041-8213/ac2f3e},
archivePrefix = {arXiv},
       eprint = {2107.04559},
 primaryClass = {astro-ph.HE},
       adsurl = {https://ui.adsabs.harvard.edu/abs/2021ApJ...921L..25L},
      adsnote = {Provided by the SAO/NASA Astrophysics Data System}
}

@ARTICLE{Pan2021,
       author = {{Pan}, Zhichen and {Qian}, Lei and {Ma}, Xiaoyun and {Liu}, Kuo and {Wang}, Lin and {Luo}, Jintao and {Yan}, Zhen and {Ransom}, Scott and {Lorimer}, Duncan and {Li}, Di and {Jiang}, Peng},
        title = "{FAST Globular Cluster Pulsar Survey: Twenty-four Pulsars Discovered in 15 Globular Clusters}",
      journal = {\apjl},
     keywords = {Binary pulsars, Globular star clusters, Radio pulsars, Radio telescopes, 153, 656, 1353, 1360, Astrophysics - High Energy Astrophysical Phenomena, Astrophysics - Astrophysics of Galaxies},
         year = 2021,
        month = jul,
       volume = {915},
       number = {2},
          eid = {L28},
        pages = {L28},
          doi = {10.3847/2041-8213/ac0bbd},
archivePrefix = {arXiv},
       eprint = {2106.08559},
 primaryClass = {astro-ph.HE},
       adsurl = {https://ui.adsabs.harvard.edu/abs/2021ApJ...915L..28P},
      adsnote = {Provided by the SAO/NASA Astrophysics Data System}
}

@ARTICLE{Han2021,
       author = {{Han}, J.~L. and {Wang}, Chen and {Wang}, P.~F. and {Wang}, Tao and {Zhou}, D.~J. and {Sun}, Jing-Hai and {Yan}, Yi and {Su}, Wei-Qi and {Jing}, Wei-Cong and {Chen}, Xue and {Gao}, X.~Y. and {Hou}, Li-Gang and {Xu}, Jun and {Lee}, K.~J. and {Wang}, Na and {Jiang}, Peng and {Xu}, Ren-Xin and {Yan}, Jun and {Gan}, Heng-Qian and {Guan}, Xin and {Huang}, Wen-Jun and {Jiang}, Jin-Chen and {Li}, Hui and {Men}, Yun-Peng and {Sun}, Chun and {Wang}, Bo-Jun and {Wang}, H.~G. and {Wang}, Shuang-Qiang and {Xie}, Jin-Tao and {Xu}, Heng and {Yao}, Rui and {You}, Xiao-Peng and {Yu}, D.~J. and {Yuan}, Jian-Ping and {Yuen}, Rai and {Zhang}, Chun-Feng and {Zhu}, Yan},
        title = "{The FAST Galactic Plane Pulsar Snapshot survey: I. Project design and pulsar discoveries}",
      journal = {Research in Astronomy and Astrophysics},
     keywords = {pulsars: general, Astrophysics - High Energy Astrophysical Phenomena, Condensed Matter - Other Condensed Matter},
         year = 2021,
        month = jun,
       volume = {21},
       number = {5},
          eid = {107},
        pages = {107},
          doi = {10.1088/1674-4527/21/5/107},
archivePrefix = {arXiv},
       eprint = {2105.08460},
 primaryClass = {astro-ph.HE},
       adsurl = {https://ui.adsabs.harvard.edu/abs/2021RAA....21..107H},
      adsnote = {Provided by the SAO/NASA Astrophysics Data System}
}

@ARTICLE{Chattopadhyay2020,
       author = {{Chattopadhyay}, Debatri and {Stevenson}, Simon and {Hurley}, Jarrod R. and {Rossi}, Luca J. and {Flynn}, Chris},
        title = "{Modelling double neutron stars: radio and gravitational waves}",
      journal = {\mnras},
     keywords = {gravitational waves, stars: neutron, pulsars: general, Astrophysics - High Energy Astrophysical Phenomena, General Relativity and Quantum Cosmology},
         year = 2020,
        month = may,
       volume = {494},
       number = {2},
        pages = {1587-1610},
          doi = {10.1093/mnras/staa756},
archivePrefix = {arXiv},
       eprint = {1912.02415},
 primaryClass = {astro-ph.HE},
       adsurl = {https://ui.adsabs.harvard.edu/abs/2020MNRAS.494.1587C},
      adsnote = {Provided by the SAO/NASA Astrophysics Data System}
}

@ARTICLE{Burrows1986,
       author = {{Burrows}, A. and {Lattimer}, J.~M.},
        title = "{The Birth of Neutron Stars}",
      journal = {\apj},
     keywords = {Gravitational Collapse, Neutron Stars, Star Formation, Stellar Models, Baryons, Computational Astrophysics, Equations Of State, Neutrinos, Simulation, Astrophysics, STARS: COLLAPSED, STARS: NEUTRON},
         year = 1986,
        month = aug,
       volume = {307},
        pages = {178},
          doi = {10.1086/164405},
       adsurl = {https://ui.adsabs.harvard.edu/abs/1986ApJ...307..178B},
      adsnote = {Provided by the SAO/NASA Astrophysics Data System}
}

@ARTICLE{Goussard1997,
       author = {{Goussard}, J.~O. and {Haensel}, P. and {Zdunik}, J.~L.},
        title = "{Rapid uniform rotation of protoneutron stars.}",
      journal = {\aap},
     keywords = {DENSE MATTER, STARS: NEUTRON, STARS: PULSARS, Astrophysics},
         year = 1997,
        month = may,
       volume = {321},
        pages = {822-834},
archivePrefix = {arXiv},
       eprint = {astro-ph/9610265},
 primaryClass = {astro-ph},
       adsurl = {https://ui.adsabs.harvard.edu/abs/1997A&A...321..822G},
      adsnote = {Provided by the SAO/NASA Astrophysics Data System}
}

@ARTICLE{Goussard1998,
       author = {{Goussard}, J. -O. and {Haensel}, P. and {Zdunik}, J.~L.},
        title = "{Rapid differential rotation of protoneutron stars and constraints on radio pulsars periods}",
      journal = {\aap},
     keywords = {DENSE MATTER, STARS: NEUTRON, STARS: PULSARS: GENERAL, STARS: ROTATION, Astrophysics},
         year = 1998,
        month = feb,
       volume = {330},
        pages = {1005-1016},
archivePrefix = {arXiv},
       eprint = {astro-ph/9711347},
 primaryClass = {astro-ph},
       adsurl = {https://ui.adsabs.harvard.edu/abs/1998A&A...330.1005G},
      adsnote = {Provided by the SAO/NASA Astrophysics Data System}
}

@ARTICLE{Pavan2014,
       author = {{Pavan}, L. and {Bordas}, P. and {P{\"u}hlhofer}, G. and {Filipovi{\'c}}, M.~D. and {De Horta}, A. and {O'Brien}, A. and {Balbo}, M. and {Walter}, R. and {Bozzo}, E. and {Ferrigno}, C. and {Crawford}, E. and {Stella}, L.},
        title = "{The long helical jet of the Lighthouse nebula, IGR J11014-6103}",
      journal = {\aap},
     keywords = {X-rays: individuals: IGR J11014-6103, stars: jets, stars: neutron, supernovae: individual: MSH 11-61A, ISM: jets and outflows, ISM: supernova remnants, Astrophysics - High Energy Astrophysical Phenomena},
         year = 2014,
        month = feb,
       volume = {562},
          eid = {A122},
        pages = {A122},
          doi = {10.1051/0004-6361/201322588},
archivePrefix = {arXiv},
       eprint = {1309.6792},
 primaryClass = {astro-ph.HE},
       adsurl = {https://ui.adsabs.harvard.edu/abs/2014A&A...562A.122P},
      adsnote = {Provided by the SAO/NASA Astrophysics Data System}
}

@ARTICLE{VanDenEijnden2018,
       author = {{van den Eijnden}, J. and {Degenaar}, N. and {Russell}, T.~D. and {Wijnands}, R. and {Miller-Jones}, J.~C.~A. and {Sivakoff}, G.~R. and {Hern{\'a}ndez Santisteban}, J.~V.},
        title = "{An evolving jet from a strongly magnetized accreting X-ray pulsar}",
      journal = {\nat},
     keywords = {Astrophysics - High Energy Astrophysical Phenomena},
         year = 2018,
        month = sep,
       volume = {562},
       number = {7726},
        pages = {233-235},
          doi = {10.1038/s41586-018-0524-1},
archivePrefix = {arXiv},
       eprint = {1809.10204},
 primaryClass = {astro-ph.HE},
       adsurl = {https://ui.adsabs.harvard.edu/abs/2018Natur.562..233V},
      adsnote = {Provided by the SAO/NASA Astrophysics Data System}
}

@ARTICLE{Mosta2020,
       author = {{M{\"o}sta}, Philipp and {Radice}, David and {Haas}, Roland and {Schnetter}, Erik and {Bernuzzi}, Sebastiano},
        title = "{A Magnetar Engine for Short GRBs and Kilonovae}",
      journal = {\apjl},
     keywords = {Magnetohydrodynamics, Astrophysical fluid dynamics, General relativity, Jets, High energy astrophysics, 1964, 101, 641, 870, 739, Astrophysics - High Energy Astrophysical Phenomena, General Relativity and Quantum Cosmology},
         year = 2020,
        month = oct,
       volume = {901},
       number = {2},
          eid = {L37},
        pages = {L37},
          doi = {10.3847/2041-8213/abb6ef},
archivePrefix = {arXiv},
       eprint = {2003.06043},
 primaryClass = {astro-ph.HE},
       adsurl = {https://ui.adsabs.harvard.edu/abs/2020ApJ...901L..37M},
      adsnote = {Provided by the SAO/NASA Astrophysics Data System}
}

@ARTICLE{Thompson2004,
       author = {{Thompson}, Todd A. and {Chang}, Philip and {Quataert}, Eliot},
        title = "{Magnetar Spin-Down, Hyperenergetic Supernovae, and Gamma-Ray Bursts}",
      journal = {\apj},
     keywords = {Gamma Rays: Bursts, Stars: Magnetic Fields, Stars: Neutron, Stars: Winds, Outflows, Stars: Supernovae: General, Astrophysics},
         year = 2004,
        month = aug,
       volume = {611},
       number = {1},
        pages = {380-393},
          doi = {10.1086/421969},
archivePrefix = {arXiv},
       eprint = {astro-ph/0401555},
 primaryClass = {astro-ph},
       adsurl = {https://ui.adsabs.harvard.edu/abs/2004ApJ...611..380T},
      adsnote = {Provided by the SAO/NASA Astrophysics Data System}
}

@ARTICLE{Goldreich1969,
       author = {{Goldreich}, Peter and {Julian}, William H.},
        title = "{Pulsar Electrodynamics}",
      journal = {\apj},
         year = 1969,
        month = aug,
       volume = {157},
        pages = {869},
          doi = {10.1086/150119},
       adsurl = {https://ui.adsabs.harvard.edu/abs/1969ApJ...157..869G},
      adsnote = {Provided by the SAO/NASA Astrophysics Data System}
}

@ARTICLE{Parfrey2016,
       author = {{Parfrey}, Kyle and {Spitkovsky}, Anatoly and {Beloborodov}, Andrei M.},
        title = "{Torque Enhancement, Spin Equilibrium, and Jet Power from Disk-Induced Opening of Pulsar Magnetic Fields}",
      journal = {\apj},
     keywords = {accretion, accretion disks, magnetic fields, pulsars: general, stars: jets, stars: neutron, X-rays: binaries, Astrophysics - High Energy Astrophysical Phenomena},
         year = 2016,
        month = may,
       volume = {822},
       number = {1},
          eid = {33},
        pages = {33},
          doi = {10.3847/0004-637X/822/1/33},
archivePrefix = {arXiv},
       eprint = {1507.08627},
 primaryClass = {astro-ph.HE},
       adsurl = {https://ui.adsabs.harvard.edu/abs/2016ApJ...822...33P},
      adsnote = {Provided by the SAO/NASA Astrophysics Data System}
}

@ARTICLE{Aguilera-Miret2020,
       author = {{Aguilera-Miret}, Ricard and {Vigan{\`o}}, Daniele and {Carrasco}, Federico and {Mi{\~n}ano}, Borja and {Palenzuela}, Carlos},
        title = "{Turbulent magnetic-field amplification in the first 10 milliseconds after a binary neutron star merger: Comparing high-resolution and large-eddy simulations}",
      journal = {\prd},
     keywords = {General Relativity and Quantum Cosmology, Astrophysics - High Energy Astrophysical Phenomena},
         year = 2020,
        month = nov,
       volume = {102},
       number = {10},
          eid = {103006},
        pages = {103006},
          doi = {10.1103/PhysRevD.102.103006},
archivePrefix = {arXiv},
       eprint = {2009.06669},
 primaryClass = {gr-qc},
       adsurl = {https://ui.adsabs.harvard.edu/abs/2020PhRvD.102j3006A},
      adsnote = {Provided by the SAO/NASA Astrophysics Data System}
}

@ARTICLE{Kiuchi2015,
       author = {{Kiuchi}, Kenta and {Cerd{\'a}-Dur{\'a}n}, Pablo and {Kyutoku}, Koutarou and {Sekiguchi}, Yuichiro and {Shibata}, Masaru},
        title = "{Efficient magnetic-field amplification due to the Kelvin-Helmholtz instability in binary neutron star mergers}",
      journal = {\prd},
     keywords = {04.25.D-, 04.30.-w, 04.40.Dg, Numerical relativity, Gravitational waves: theory, Relativistic stars: structure stability and oscillations, Astrophysics - High Energy Astrophysical Phenomena, Astrophysics - Cosmology and Nongalactic Astrophysics, Astrophysics - Solar and Stellar Astrophysics, General Relativity and Quantum Cosmology, Nuclear Theory},
         year = 2015,
        month = dec,
       volume = {92},
       number = {12},
          eid = {124034},
        pages = {124034},
          doi = {10.1103/PhysRevD.92.124034},
archivePrefix = {arXiv},
       eprint = {1509.09205},
 primaryClass = {astro-ph.HE},
       adsurl = {https://ui.adsabs.harvard.edu/abs/2015PhRvD..92l4034K},
      adsnote = {Provided by the SAO/NASA Astrophysics Data System}
}

@ARTICLE{Obergaulinger2010,
       author = {{Obergaulinger}, M. and {Aloy}, M.~A. and {M{\"u}ller}, E.},
        title = "{Local simulations of the magnetized Kelvin-Helmholtz instability in neutron-star mergers}",
      journal = {\aap},
     keywords = {magnetohydrodynamics (MHD), instabilities, turbulence, stars: neutron, gamma-ray burst: general, Astrophysics - Solar and Stellar Astrophysics},
         year = 2010,
        month = jun,
       volume = {515},
          eid = {A30},
        pages = {A30},
          doi = {10.1051/0004-6361/200913386},
archivePrefix = {arXiv},
       eprint = {1003.6031},
 primaryClass = {astro-ph.SR},
       adsurl = {https://ui.adsabs.harvard.edu/abs/2010A&A...515A..30O},
      adsnote = {Provided by the SAO/NASA Astrophysics Data System}
}

@ARTICLE{Just2016,
       author = {{Just}, O. and {Obergaulinger}, M. and {Janka}, H. -T. and {Bauswein}, A. and {Schwarz}, N.},
        title = "{Neutron-star Merger Ejecta as Obstacles to Neutrino-powered Jets of Gamma-Ray Bursts}",
      journal = {\apjl},
     keywords = {accretion, accretion disks, gamma-ray burst: general, hydrodynamics, neutrinos, Astrophysics - High Energy Astrophysical Phenomena, Astrophysics - Solar and Stellar Astrophysics},
         year = 2016,
        month = jan,
       volume = {816},
       number = {2},
          eid = {L30},
        pages = {L30},
          doi = {10.3847/2041-8205/816/2/L30},
archivePrefix = {arXiv},
       eprint = {1510.04288},
 primaryClass = {astro-ph.HE},
       adsurl = {https://ui.adsabs.harvard.edu/abs/2016ApJ...816L..30J},
      adsnote = {Provided by the SAO/NASA Astrophysics Data System}
}

@ARTICLE{Barbieri2021,
       author = {{Barbieri}, C. and {Salafia}, O.~S. and {Colpi}, M. and {Ghirlanda}, G. and {Perego}, A.},
        title = "{Exploring the nature of ambiguous merging systems: GW190425 in low latency}",
      journal = {\aap},
     keywords = {stars: neutron, stars: black holes, binaries: general, gravitational waves},
         year = 2021,
        month = oct,
       volume = {654},
          eid = {A12},
        pages = {A12},
          doi = {10.1051/0004-6361/202037778},
       adsurl = {https://ui.adsabs.harvard.edu/abs/2021A&A...654A..12B},
      adsnote = {Provided by the SAO/NASA Astrophysics Data System}
}

@ARTICLE{Dietrich2020,
       author = {{Dietrich}, Tim and {Coughlin}, Michael W. and {Pang}, Peter T.~H. and {Bulla}, Mattia and {Heinzel}, Jack and {Issa}, Lina and {Tews}, Ingo and {Antier}, Sarah},
        title = "{Multimessenger constraints on the neutron-star equation of state and the Hubble constant}",
      journal = {Science},
     keywords = {ASTRONOMY; PHYSICS, Astrophysics - High Energy Astrophysical Phenomena, Astrophysics - Cosmology and Nongalactic Astrophysics, General Relativity and Quantum Cosmology, Nuclear Theory},
         year = 2020,
        month = dec,
       volume = {370},
       number = {6523},
        pages = {1450-1453},
          doi = {10.1126/science.abb4317},
archivePrefix = {arXiv},
       eprint = {2002.11355},
 primaryClass = {astro-ph.HE},
       adsurl = {https://ui.adsabs.harvard.edu/abs/2020Sci...370.1450D},
      adsnote = {Provided by the SAO/NASA Astrophysics Data System}
}

@ARTICLE{Tootle2021,
       author = {{Tootle}, Samuel D. and {Papenfort}, L. Jens and {Most}, Elias R. and {Rezzolla}, Luciano},
        title = "{Quasi-universal Behavior of the Threshold Mass in Unequal-mass, Spinning Binary Neutron Star Mergers}",
      journal = {\apjl},
     keywords = {283, 641, 662, 1108, 288, 1627, 162, 153, General Relativity and Quantum Cosmology},
         year = 2021,
        month = nov,
       volume = {922},
       number = {1},
          eid = {L19},
        pages = {L19},
          doi = {10.3847/2041-8213/ac350d},
archivePrefix = {arXiv},
       eprint = {2109.00940},
 primaryClass = {gr-qc},
       adsurl = {https://ui.adsabs.harvard.edu/abs/2021ApJ...922L..19T},
      adsnote = {Provided by the SAO/NASA Astrophysics Data System}
}

@ARTICLE{Kashyap2021,
       author = {{Kashyap}, Rahul and {Das}, Abhishek and {Radice}, David and {Padamata}, Surendra and {Prakash}, Aviral and {Logoteta}, Domenico and {Perego}, Albino and {Godzieba}, Daniel A. and {Bernuzzi}, Sebastiano and {Bombaci}, Ignazio and {Fattoyev}, Farrukh J. and {Reed}, Brendan T. and {da Silva Schneider}, Andr{\'e}},
        title = "{Numerical relativity simulations of prompt collapse mergers: threshold mass and phenomenological constraints on neutron star properties after GW170817}",
      journal = {arXiv e-prints},
     keywords = {Astrophysics - High Energy Astrophysical Phenomena, General Relativity and Quantum Cosmology},
         year = 2021,
        month = nov,
          eid = {arXiv:2111.05183},
        pages = {arXiv:2111.05183},
archivePrefix = {arXiv},
       eprint = {2111.05183},
 primaryClass = {astro-ph.HE},
       adsurl = {https://ui.adsabs.harvard.edu/abs/2021arXiv211105183K},
      adsnote = {Provided by the SAO/NASA Astrophysics Data System}
}

@ARTICLE{Kolsch2021,
       author = {{K{\"o}lsch}, Maximilian and {Dietrich}, Tim and {Ujevic}, Maximiliano and {Bruegmann}, Bernd},
        title = "{Investigating the mass-ratio dependence of the prompt-collapse threshold with numerical-relativity simulations}",
      journal = {arXiv e-prints},
     keywords = {General Relativity and Quantum Cosmology, Astrophysics - High Energy Astrophysical Phenomena},
         year = 2021,
        month = dec,
          eid = {arXiv:2112.11851},
        pages = {arXiv:2112.11851},
archivePrefix = {arXiv},
       eprint = {2112.11851},
 primaryClass = {gr-qc},
       adsurl = {https://ui.adsabs.harvard.edu/abs/2021arXiv211211851K},
      adsnote = {Provided by the SAO/NASA Astrophysics Data System}
}

@ARTICLE{Bernuzzi2020,
       author = {{Bernuzzi}, Sebastiano and {Breschi}, Matteo and {Daszuta}, Boris and {Endrizzi}, Andrea and {Logoteta}, Domenico and {Nedora}, Vsevolod and {Perego}, Albino and {Radice}, David and {Schianchi}, Federico and {Zappa}, Francesco and {Bombaci}, Ignazio and {Ortiz}, Nestor},
        title = "{Accretion-induced prompt black hole formation in asymmetric neutron star mergers, dynamical ejecta, and kilonova signals}",
      journal = {\mnras},
     keywords = {gravitational waves, Astrophysics - High Energy Astrophysical Phenomena, General Relativity and Quantum Cosmology},
         year = 2020,
        month = sep,
       volume = {497},
       number = {2},
        pages = {1488-1507},
          doi = {10.1093/mnras/staa1860},
archivePrefix = {arXiv},
       eprint = {2003.06015},
 primaryClass = {astro-ph.HE},
       adsurl = {https://ui.adsabs.harvard.edu/abs/2020MNRAS.497.1488B},
      adsnote = {Provided by the SAO/NASA Astrophysics Data System}
}

@ARTICLE{Demircik2021,
       author = {{Demircik}, Tuna and {Ecker}, Christian and {J{\"a}rvinen}, Matti},
        title = "{Rapidly Spinning Compact Stars with Deconfinement Phase Transition}",
      journal = {\apjl},
     keywords = {Neutron stars, Neutron star cores, Nuclear astrophysics, 1108, 1107, 1129, Astrophysics - High Energy Astrophysical Phenomena, General Relativity and Quantum Cosmology, High Energy Physics - Theory, Nuclear Theory},
         year = 2021,
        month = feb,
       volume = {907},
       number = {2},
          eid = {L37},
        pages = {L37},
          doi = {10.3847/2041-8213/abd853},
archivePrefix = {arXiv},
       eprint = {2009.10731},
 primaryClass = {astro-ph.HE},
       adsurl = {https://ui.adsabs.harvard.edu/abs/2021ApJ...907L..37D},
      adsnote = {Provided by the SAO/NASA Astrophysics Data System}
}

@ARTICLE{Bozzola2019,
       author = {{Bozzola}, Gabriele and {Espino}, Pedro L. and {Lewin}, Collin D. and {Paschalidis}, Vasileios},
        title = "{Maximum mass and universal relations of rotating relativistic hybrid hadron-quark stars}",
      journal = {European Physical Journal A},
     keywords = {Astrophysics - High Energy Astrophysical Phenomena},
         year = 2019,
        month = sep,
       volume = {55},
       number = {9},
          eid = {149},
        pages = {149},
          doi = {10.1140/epja/i2019-12831-2},
archivePrefix = {arXiv},
       eprint = {1905.00028},
 primaryClass = {astro-ph.HE},
       adsurl = {https://ui.adsabs.harvard.edu/abs/2019EPJA...55..149B},
      adsnote = {Provided by the SAO/NASA Astrophysics Data System}
}

@ARTICLE{Burns2021,
       author = {{Burns}, E. and {Svinkin}, D. and {Hurley}, K. and {Wadiasingh}, Z. and {Negro}, M. and {Younes}, G. and {Hamburg}, R. and {Ridnaia}, A. and {Cook}, D. and {Cenko}, S.~B. and {Aloisi}, R. and {Ashton}, G. and {Baring}, M. and {Briggs}, M.~S. and {Christensen}, N. and {Frederiks}, D. and {Goldstein}, A. and {Hui}, C.~M. and {Kaplan}, D.~L. and {Kasliwal}, M.~M. and {Kocevski}, D. and {Roberts}, O.~J. and {Savchenko}, V. and {Tohuvavohu}, A. and {Veres}, P. and {Wilson-Hodge}, C.~A.},
        title = "{Identification of a Local Sample of Gamma-Ray Bursts Consistent with a Magnetar Giant Flare Origin}",
      journal = {\apjl},
     keywords = {Gamma-ray bursts, Magnetars, Soft gamma-ray repeaters, 629, 992, 1471, Astrophysics - High Energy Astrophysical Phenomena},
         year = 2021,
        month = feb,
       volume = {907},
       number = {2},
          eid = {L28},
        pages = {L28},
          doi = {10.3847/2041-8213/abd8c8},
archivePrefix = {arXiv},
       eprint = {2101.05144},
 primaryClass = {astro-ph.HE},
       adsurl = {https://ui.adsabs.harvard.edu/abs/2021ApJ...907L..28B},
      adsnote = {Provided by the SAO/NASA Astrophysics Data System}
}

@ARTICLE{Mandel2019,
       author = {{Mandel}, Ilya and {Farr}, Will M. and {Gair}, Jonathan R.},
        title = "{Extracting distribution parameters from multiple uncertain observations with selection biases}",
      journal = {\mnras},
     keywords = {gravitational waves, methods: data analysis, stars: neutron, Physics - Data Analysis, Statistics and Probability, Astrophysics - High Energy Astrophysical Phenomena},
         year = 2019,
        month = jun,
       volume = {486},
       number = {1},
        pages = {1086-1093},
          doi = {10.1093/mnras/stz896},
archivePrefix = {arXiv},
       eprint = {1809.02063},
 primaryClass = {physics.data-an},
       adsurl = {https://ui.adsabs.harvard.edu/abs/2019MNRAS.486.1086M},
      adsnote = {Provided by the SAO/NASA Astrophysics Data System}
}

@ARTICLE{Kouveliotou1993,
       author = {{Kouveliotou}, Chryssa and {Meegan}, Charles A. and {Fishman}, Gerald J. and {Bhat}, Narayana P. and {Briggs}, Michael S. and {Koshut}, Thomas M. and {Paciesas}, William S. and {Pendleton}, Geoffrey N.},
        title = "{Identification of Two Classes of Gamma-Ray Bursts}",
      journal = {\apjl},
     keywords = {Astronomical Catalogs, Gamma Ray Bursts, Gamma Ray Observatory, Frequency Distribution, Spatial Distribution, Transient Response, Space Radiation, GAMMA RAYS: BURSTS},
         year = 1993,
        month = aug,
       volume = {413},
        pages = {L101},
          doi = {10.1086/186969},
       adsurl = {https://ui.adsabs.harvard.edu/abs/1993ApJ...413L.101K},
      adsnote = {Provided by the SAO/NASA Astrophysics Data System}
}

@ARTICLE{Woosley1993,
       author = {{Woosley}, S.~E.},
        title = "{Gamma-Ray Bursts from Stellar Mass Accretion Disks around Black Holes}",
      journal = {\apj},
     keywords = {Accretion Disks, Black Holes (Astronomy), Gamma Ray Bursts, Stellar Evolution, Stellar Mass Accretion, Stellar Physics, Astronomical Models, Supernovae, Wolf-Rayet Stars, Space Radiation, ACCRETION, ACCRETION DISKS, BLACK HOLE PHYSICS, GAMMA RAYS: BURSTS, STARS: EVOLUTION, STARS: SUPERNOVAE: GENERAL},
         year = 1993,
        month = mar,
       volume = {405},
        pages = {273},
          doi = {10.1086/172359},
       adsurl = {https://ui.adsabs.harvard.edu/abs/1993ApJ...405..273W},
      adsnote = {Provided by the SAO/NASA Astrophysics Data System}
}


@ARTICLE{Galama1998,
       author = {{Galama}, T.~J. and {Vreeswijk}, P.~M. and {van Paradijs}, J. and {Kouveliotou}, C. and {Augusteijn}, T. and {B{\"o}hnhardt}, H. and {Brewer}, J.~P. and {Doublier}, V. and {Gonzalez}, J. -F. and {Leibundgut}, B. and {Lidman}, C. and {Hainaut}, O.~R. and {Patat}, F. and {Heise}, J. and {in't Zand}, J. and {Hurley}, K. and {Groot}, P.~J. and {Strom}, R.~G. and {Mazzali}, P.~A. and {Iwamoto}, K. and {Nomoto}, K. and {Umeda}, H. and {Nakamura}, T. and {Young}, T.~R. and {Suzuki}, T. and {Shigeyama}, T. and {Koshut}, T. and {Kippen}, M. and {Robinson}, C. and {de Wildt}, P. and {Wijers}, R.~A.~M.~J. and {Tanvir}, N. and {Greiner}, J. and {Pian}, E. and {Palazzi}, E. and {Frontera}, F. and {Masetti}, N. and {Nicastro}, L. and {Feroci}, M. and {Costa}, E. and {Piro}, L. and {Peterson}, B.~A. and {Tinney}, C. and {Boyle}, B. and {Cannon}, R. and {Stathakis}, R. and {Sadler}, E. and {Begam}, M.~C. and {Ianna}, P.},
        title = "{An unusual supernova in the error box of the {\ensuremath{\gamma}}-ray burst of 25 April 1998}",
      journal = {\nat},
     keywords = {Astrophysics},
         year = 1998,
        month = oct,
       volume = {395},
       number = {6703},
        pages = {670-672},
          doi = {10.1038/27150},
archivePrefix = {arXiv},
       eprint = {astro-ph/9806175},
 primaryClass = {astro-ph},
       adsurl = {https://ui.adsabs.harvard.edu/abs/1998Natur.395..670G},
      adsnote = {Provided by the SAO/NASA Astrophysics Data System}
}

@ARTICLE{Mochkovitch1993,
       author = {{Mochkovitch}, R. and {Hernanz}, M. and {Isern}, J. and {Martin}, X.},
        title = "{Gamma-ray bursts as collimated jets from neutron star/black hole mergers}",
      journal = {\nat},
     keywords = {Black Holes (Astronomy), Collimation, Gamma Ray Bursts, Neutron Stars, Doppler Effect, Neutrinos, Statistical Analysis, Astrophysics},
         year = 1993,
        month = jan,
       volume = {361},
       number = {6409},
        pages = {236-238},
          doi = {10.1038/361236a0},
       adsurl = {https://ui.adsabs.harvard.edu/abs/1993Natur.361..236M},
      adsnote = {Provided by the SAO/NASA Astrophysics Data System}
}

@ARTICLE{Berger2014,
       author = {{Berger}, Edo},
        title = "{Short-Duration Gamma-Ray Bursts}",
      journal = {\araa},
     keywords = {Astrophysics - High Energy Astrophysical Phenomena},
         year = 2014,
        month = aug,
       volume = {52},
        pages = {43-105},
          doi = {10.1146/annurev-astro-081913-035926},
archivePrefix = {arXiv},
       eprint = {1311.2603},
 primaryClass = {astro-ph.HE},
       adsurl = {https://ui.adsabs.harvard.edu/abs/2014ARA&A..52...43B},
      adsnote = {Provided by the SAO/NASA Astrophysics Data System}
}

@ARTICLE{DAvanzo2015,
       author = {{D'Avanzo}, P.},
        title = "{Short gamma-ray bursts: A review}",
      journal = {Journal of High Energy Astrophysics},
         year = 2015,
        month = sep,
       volume = {7},
        pages = {73-80},
          doi = {10.1016/j.jheap.2015.07.002},
       adsurl = {https://ui.adsabs.harvard.edu/abs/2015JHEAp...7...73D},
      adsnote = {Provided by the SAO/NASA Astrophysics Data System}
}

@ARTICLE{Abbott2017_GW170817,
       author = {Abbott, B.~P. and {LIGO Scientific Collaboration} and {Virgo Collaboration} and others},
        title = "{GW170817: Observation of Gravitational Waves from a Binary Neutron Star Inspiral}",
      journal = {\prl},
     keywords = {General Relativity and Quantum Cosmology, Astrophysics - High Energy Astrophysical Phenomena},
         year = 2017,
        month = oct,
       volume = {119},
       number = {16},
          eid = {161101},
        pages = {161101},
          doi = {10.1103/PhysRevLett.119.161101},
archivePrefix = {arXiv},
       eprint = {1710.05832},
 primaryClass = {gr-qc},
       adsurl = {https://ui.adsabs.harvard.edu/abs/2017PhRvL.119p1101A},
      adsnote = {Provided by the SAO/NASA Astrophysics Data System}
}

@ARTICLE{Abbott2017_multimessenger,
       author = {{Abbott}, B.~P. and others},
        title = "{Multi-messenger Observations of a Binary Neutron Star Merger}",
      journal = {\apjl},
     keywords = {gravitational waves, stars: neutron, Astrophysics - High Energy Astrophysical Phenomena, General Relativity and Quantum Cosmology},
         year = 2017,
        month = oct,
       volume = {848},
       number = {2},
          eid = {L12},
        pages = {L12},
          doi = {10.3847/2041-8213/aa91c9},
archivePrefix = {arXiv},
       eprint = {1710.05833},
 primaryClass = {astro-ph.HE},
       adsurl = {https://ui.adsabs.harvard.edu/abs/2017ApJ...848L..12A},
      adsnote = {Provided by the SAO/NASA Astrophysics Data System}
}



@ARTICLE{Dai1998,
       author = {{Dai}, Z.~G. and {Lu}, T.},
        title = "{Gamma-ray burst afterglows and evolution of postburst fireballs with energy injection from strongly magnetic millisecond pulsars}",
      journal = {\aap},
     keywords = {STARS: NEUTRON, PULSARS: GENERAL, GAMMA-RAYS: BURSTS, Astrophysics},
         year = 1998,
        month = may,
       volume = {333},
        pages = {L87-L90},
archivePrefix = {arXiv},
       eprint = {astro-ph/9810402},
 primaryClass = {astro-ph},
       adsurl = {https://ui.adsabs.harvard.edu/abs/1998A&A...333L..87D},
      adsnote = {Provided by the SAO/NASA Astrophysics Data System}
}

@ARTICLE{Zhang2001,
       author = {{Zhang}, Bing and {M{\'e}sz{\'a}ros}, Peter},
        title = "{Gamma-Ray Burst Afterglow with Continuous Energy Injection: Signature of a Highly Magnetized Millisecond Pulsar}",
      journal = {\apjl},
     keywords = {Gamma Rays: Bursts, Stars: Pulsars: General, Radiation Mechanisms: Nonthermal, Shock Waves, Stars: Magnetic Fields, Astrophysics},
         year = 2001,
        month = may,
       volume = {552},
       number = {1},
        pages = {L35-L38},
          doi = {10.1086/320255},
archivePrefix = {arXiv},
       eprint = {astro-ph/0011133},
 primaryClass = {astro-ph},
       adsurl = {https://ui.adsabs.harvard.edu/abs/2001ApJ...552L..35Z},
      adsnote = {Provided by the SAO/NASA Astrophysics Data System}
}

@ARTICLE{Metzger2008,
       author = {{Metzger}, B.~D. and {Quataert}, E. and {Thompson}, T.~A.},
        title = "{Short-duration gamma-ray bursts with extended emission from protomagnetar spin-down}",
      journal = {\mnras},
     keywords = {MHD, stars: neutron, stars: winds, outflows, gamma-rays: bursts, Astrophysics},
         year = 2008,
        month = apr,
       volume = {385},
       number = {3},
        pages = {1455-1460},
          doi = {10.1111/j.1365-2966.2008.12923.x},
archivePrefix = {arXiv},
       eprint = {0712.1233},
 primaryClass = {astro-ph},
       adsurl = {https://ui.adsabs.harvard.edu/abs/2008MNRAS.385.1455M},
      adsnote = {Provided by the SAO/NASA Astrophysics Data System}
}

@ARTICLE{DallOsso2011,
       author = {{Dall'Osso}, S. and {Stratta}, G. and {Guetta}, D. and {Covino}, S. and {De Cesare}, G. and {Stella}, L.},
        title = "{Gamma-ray bursts afterglows with energy injection from a spinning down neutron star}",
      journal = {\aap},
     keywords = {gamma-ray burst: general, X-rays: bursts, shock waves, stars: magnetars, relativistic processes, Astrophysics - High Energy Astrophysical Phenomena},
         year = 2011,
        month = feb,
       volume = {526},
          eid = {A121},
        pages = {A121},
          doi = {10.1051/0004-6361/201014168},
archivePrefix = {arXiv},
       eprint = {1004.2788},
 primaryClass = {astro-ph.HE},
       adsurl = {https://ui.adsabs.harvard.edu/abs/2011A&A...526A.121D},
      adsnote = {Provided by the SAO/NASA Astrophysics Data System}
}

@ARTICLE{Rowlinson2013,
       author = {{Rowlinson}, A. and {O'Brien}, P.~T. and {Metzger}, B.~D. and {Tanvir}, N.~R. and {Levan}, A.~J.},
        title = "{Signatures of magnetar central engines in short GRB light curves}",
      journal = {\mnras},
     keywords = {gamma-ray burst: general, stars: magnetars, Astrophysics - High Energy Astrophysical Phenomena},
         year = 2013,
        month = apr,
       volume = {430},
       number = {2},
        pages = {1061-1087},
          doi = {10.1093/mnras/sts683},
archivePrefix = {arXiv},
       eprint = {1301.0629},
 primaryClass = {astro-ph.HE},
       adsurl = {https://ui.adsabs.harvard.edu/abs/2013MNRAS.430.1061R},
      adsnote = {Provided by the SAO/NASA Astrophysics Data System}
}

@ARTICLE{Gompertz2013,
       author = {{Gompertz}, B.~P. and {O'Brien}, P.~T. and {Wynn}, G.~A. and {Rowlinson}, A.},
        title = "{Can magnetar spin-down power extended emission in some short GRBs?}",
      journal = {\mnras},
     keywords = {gamma-ray: burst: general, stars: magnetars, Astrophysics - High Energy Astrophysical Phenomena},
         year = 2013,
        month = may,
       volume = {431},
       number = {2},
        pages = {1745-1751},
          doi = {10.1093/mnras/stt293},
archivePrefix = {arXiv},
       eprint = {1302.3643},
 primaryClass = {astro-ph.HE},
       adsurl = {https://ui.adsabs.harvard.edu/abs/2013MNRAS.431.1745G},
      adsnote = {Provided by the SAO/NASA Astrophysics Data System}
}

@ARTICLE{Stratta2018,
       author = {{Stratta}, Giulia and {Dainotti}, Maria Giovanna and {Dall'Osso}, Simone and {Hernandez}, X. and {De Cesare}, Giovanni},
        title = "{On the Magnetar Origin of the GRBs Presenting X-Ray Afterglow Plateaus}",
      journal = {\apj},
     keywords = {gamma-ray burst: general, gamma-ray burst: individual, stars: magnetars, Astrophysics - High Energy Astrophysical Phenomena},
         year = 2018,
        month = dec,
       volume = {869},
       number = {2},
          eid = {155},
        pages = {155},
          doi = {10.3847/1538-4357/aadd8f},
archivePrefix = {arXiv},
       eprint = {1804.08652},
 primaryClass = {astro-ph.HE},
       adsurl = {https://ui.adsabs.harvard.edu/abs/2018ApJ...869..155S},
      adsnote = {Provided by the SAO/NASA Astrophysics Data System}
}

@ARTICLE{Strang2019,
       author = {{Strang}, L.~C. and {Melatos}, A.},
        title = "{Plerion model of the X-ray plateau in short gamma-ray bursts}",
      journal = {\mnras},
     keywords = {gamma-ray burst: general, stars: magnetars, ISM: supernova remnants},
         year = 2019,
        month = aug,
       volume = {487},
       number = {4},
        pages = {5010-5018},
          doi = {10.1093/mnras/stz1648},
       adsurl = {https://ui.adsabs.harvard.edu/abs/2019MNRAS.487.5010S},
      adsnote = {Provided by the SAO/NASA Astrophysics Data System}
}

@ARTICLE{Sarin2020,
       author = {{Sarin}, Nikhil and {Lasky}, Paul D. and {Ashton}, Gregory},
        title = "{Interpreting the X-ray afterglows of gamma-ray bursts with radiative losses and millisecond magnetars}",
      journal = {\mnras},
     keywords = {gamma-ray burst: general, gamma-ray bursts, Astrophysics - High Energy Astrophysical Phenomena},
         year = 2020,
        month = dec,
       volume = {499},
       number = {4},
        pages = {5986-5992},
          doi = {10.1093/mnras/staa3090},
archivePrefix = {arXiv},
       eprint = {2008.05745},
 primaryClass = {astro-ph.HE},
       adsurl = {https://ui.adsabs.harvard.edu/abs/2020MNRAS.499.5986S},
      adsnote = {Provided by the SAO/NASA Astrophysics Data System}
}

@ARTICLE{Bernardini2013,
       author = {{Bernardini}, M.~G. and {Campana}, S. and {Ghisellini}, G. and {D'Avanzo}, P. and {Burlon}, D. and {Covino}, S. and {Ghirlanda}, G. and {Melandri}, A. and {Salvaterra}, R. and {Vergani}, S.~D. and {D'Elia}, V. and {Fugazza}, D. and {Sbarufatti}, B. and {Tagliaferri}, G.},
        title = "{How to Switch a Gamma-Ray Burst On and Off through a Magnetar}",
      journal = {\apj},
     keywords = {gamma-ray burst: general, stars: magnetars, Astrophysics - High Energy Astrophysical Phenomena, Astrophysics - Cosmology and Extragalactic Astrophysics},
         year = 2013,
        month = sep,
       volume = {775},
       number = {1},
          eid = {67},
        pages = {67},
          doi = {10.1088/0004-637X/775/1/67},
archivePrefix = {arXiv},
       eprint = {1306.0013},
 primaryClass = {astro-ph.HE},
       adsurl = {https://ui.adsabs.harvard.edu/abs/2013ApJ...775...67B},
      adsnote = {Provided by the SAO/NASA Astrophysics Data System}
}

@ARTICLE{Bernardini2012b,
       author = {{Bernardini}, M.~G. and {Margutti}, R. and {Mao}, J. and {Zaninoni}, E. and {Chincarini}, G.},
        title = "{The X-ray light curve of gamma-ray bursts: clues to the central engine}",
      journal = {\aap},
     keywords = {radiation mechanisms: non-thermal, X-rays: general, gamma rays: general, Astrophysics - High Energy Astrophysical Phenomena, Astrophysics - Cosmology and Nongalactic Astrophysics},
         year = 2012,
        month = mar,
       volume = {539},
          eid = {A3},
        pages = {A3},
          doi = {10.1051/0004-6361/201117895},
archivePrefix = {arXiv},
       eprint = {1112.1058},
 primaryClass = {astro-ph.HE},
       adsurl = {https://ui.adsabs.harvard.edu/abs/2012A&A...539A...3B},
      adsnote = {Provided by the SAO/NASA Astrophysics Data System}
}

@ARTICLE{Bernardini2012a,
       author = {{Bernardini}, M.~G. and {Margutti}, R. and {Zaninoni}, E. and {Chincarini}, G.},
        title = "{X-ray emission of GRBs: what is the light curve morphology telling us?}",
      journal = {Memorie della Societa Astronomica Italiana Supplementi},
     keywords = {gamma-ray: bursts, radiation mechanism: non-thermal, X-rays},
         year = 2012,
        month = jan,
       volume = {21},
        pages = {226},
       adsurl = {https://ui.adsabs.harvard.edu/abs/2012MSAIS..21..226B},
      adsnote = {Provided by the SAO/NASA Astrophysics Data System}
}

@ARTICLE{Toma2006,
       author = {{Toma}, Kenji and {Ioka}, Kunihito and {Yamazaki}, Ryo and {Nakamura}, Takashi},
        title = "{Shallow Decay of Early X-Ray Afterglows from Inhomogeneous Gamma-Ray Burst Jets}",
      journal = {\apjl},
     keywords = {Gamma Rays: Bursts, Gamma Rays: Theory, Astrophysics},
         year = 2006,
        month = apr,
       volume = {640},
       number = {2},
        pages = {L139-L142},
          doi = {10.1086/503384},
archivePrefix = {arXiv},
       eprint = {astro-ph/0511718},
 primaryClass = {astro-ph},
       adsurl = {https://ui.adsabs.harvard.edu/abs/2006ApJ...640L.139T},
      adsnote = {Provided by the SAO/NASA Astrophysics Data System}
}

@ARTICLE{Nousek2006,
       author = {{Nousek}, J.~A. and {Kouveliotou}, C. and {Grupe}, D. and {Page}, K.~L. and {Granot}, J. and {Ramirez-Ruiz}, E. and {Patel}, S.~K. and {Burrows}, D.~N. and {Mangano}, V. and {Barthelmy}, S. and {Beardmore}, A.~P. and {Campana}, S. and {Capalbi}, M. and {Chincarini}, G. and {Cusumano}, G. and {Falcone}, A.~D. and {Gehrels}, N. and {Giommi}, P. and {Goad}, M.~R. and {Godet}, O. and {Hurkett}, C.~P. and {Kennea}, J.~A. and {Moretti}, A. and {O'Brien}, P.~T. and {Osborne}, J.~P. and {Romano}, P. and {Tagliaferri}, G. and {Wells}, A.~A.},
        title = "{Evidence for a Canonical Gamma-Ray Burst Afterglow Light Curve in the Swift XRT Data}",
      journal = {\apj},
     keywords = {Gamma Rays: Bursts, Radiation Mechanisms: Nonthermal, Astrophysics},
         year = 2006,
        month = may,
       volume = {642},
       number = {1},
        pages = {389-400},
          doi = {10.1086/500724},
archivePrefix = {arXiv},
       eprint = {astro-ph/0508332},
 primaryClass = {astro-ph},
       adsurl = {https://ui.adsabs.harvard.edu/abs/2006ApJ...642..389N},
      adsnote = {Provided by the SAO/NASA Astrophysics Data System}
}

@ARTICLE{Norris2006,
       author = {{Norris}, J.~P. and {Bonnell}, J.~T.},
        title = "{Short Gamma-Ray Bursts with Extended Emission}",
      journal = {\apj},
     keywords = {Gamma Rays: Bursts, Astrophysics},
         year = 2006,
        month = may,
       volume = {643},
       number = {1},
        pages = {266-275},
          doi = {10.1086/502796},
archivePrefix = {arXiv},
       eprint = {astro-ph/0601190},
 primaryClass = {astro-ph},
       adsurl = {https://ui.adsabs.harvard.edu/abs/2006ApJ...643..266N},
      adsnote = {Provided by the SAO/NASA Astrophysics Data System}
}



@ARTICLE{Rees1998,
       author = {{Rees}, M.~J. and {M{\'e}sz{\'a}ros}, P.},
        title = "{Refreshed Shocks and Afterglow Longevity in Gamma-Ray Bursts}",
      journal = {\apjl},
     keywords = {GAMMA RAYS: BURSTS, Gamma Rays: Bursts, Astrophysics},
         year = 1998,
        month = mar,
       volume = {496},
       number = {1},
        pages = {L1-L4},
          doi = {10.1086/311244},
archivePrefix = {arXiv},
       eprint = {astro-ph/9712252},
 primaryClass = {astro-ph},
       adsurl = {https://ui.adsabs.harvard.edu/abs/1998ApJ...496L...1R},
      adsnote = {Provided by the SAO/NASA Astrophysics Data System}
}

@ARTICLE{Zhang2006,
       author = {{Zhang}, Bing and {Fan}, Y.~Z. and {Dyks}, Jaroslaw and {Kobayashi}, Shiho and {M{\'e}sz{\'a}ros}, Peter and {Burrows}, David N. and {Nousek}, John A. and {Gehrels}, Neil},
        title = "{Physical Processes Shaping Gamma-Ray Burst X-Ray Afterglow Light Curves: Theoretical Implications from the Swift X-Ray Telescope Observations}",
      journal = {\apj},
     keywords = {Gamma Rays: Bursts, Radiation Mechanisms: Nonthermal, Shock Waves, Astrophysics},
         year = 2006,
        month = may,
       volume = {642},
       number = {1},
        pages = {354-370},
          doi = {10.1086/500723},
archivePrefix = {arXiv},
       eprint = {astro-ph/0508321},
 primaryClass = {astro-ph},
       adsurl = {https://ui.adsabs.harvard.edu/abs/2006ApJ...642..354Z},
      adsnote = {Provided by the SAO/NASA Astrophysics Data System}
}

@ARTICLE{Genet2007,
       author = {{Genet}, F. and {Daigne}, F. and {Mochkovitch}, R.},
        title = "{Can the early X-ray afterglow of gamma-ray bursts be explained by a contribution from the reverse shock?}",
      journal = {\mnras},
     keywords = {radiation mechanisms: non-thermal, shock waves, gamma-rays: bursts, Astrophysics},
         year = 2007,
        month = oct,
       volume = {381},
       number = {2},
        pages = {732-740},
          doi = {10.1111/j.1365-2966.2007.12243.x},
archivePrefix = {arXiv},
       eprint = {astro-ph/0701204},
 primaryClass = {astro-ph},
       adsurl = {https://ui.adsabs.harvard.edu/abs/2007MNRAS.381..732G},
      adsnote = {Provided by the SAO/NASA Astrophysics Data System}
}

@ARTICLE{Yamazaki2009,
       author = {{Yamazaki}, Ryo},
        title = "{Prior Emission Model for X-ray Plateau Phase of Gamma-Ray Burst Afterglows}",
      journal = {\apjl},
     keywords = {gamma rays: bursts, gamma rays: theory, Astrophysics},
         year = 2009,
        month = jan,
       volume = {690},
       number = {2},
        pages = {L118-L121},
          doi = {10.1088/0004-637X/690/2/L118},
archivePrefix = {arXiv},
       eprint = {0810.1089},
 primaryClass = {astro-ph},
       adsurl = {https://ui.adsabs.harvard.edu/abs/2009ApJ...690L.118Y},
      adsnote = {Provided by the SAO/NASA Astrophysics Data System}
}

@ARTICLE{Leventis2014,
       author = {{Leventis}, K. and {Wijers}, R.~A.~M.~J. and {van der Horst}, A.~J.},
        title = "{The plateau phase of gamma-ray burst afterglows in the thick-shell scenario}",
      journal = {\mnras},
     keywords = {hydrodynamics, radiation mechanisms: non-thermal, relativistic processes, shock waves, methods: analytical, gamma-ray burst: general},
         year = 2014,
        month = jan,
       volume = {437},
       number = {3},
        pages = {2448-2460},
          doi = {10.1093/mnras/stt2055},
       adsurl = {https://ui.adsabs.harvard.edu/abs/2014MNRAS.437.2448L},
      adsnote = {Provided by the SAO/NASA Astrophysics Data System}
}

@ARTICLE{Duffell2015,
       author = {{Duffell}, Paul C. and {MacFadyen}, Andrew I.},
        title = "{From Engine to Afterglow: Collapsars Naturally Produce Top-heavy Jets and Early-time Plateaus in Gamma-Ray Burst Afterglows}",
      journal = {\apj},
     keywords = {gamma-ray burst: general, hydrodynamics, ISM: jets and outflows, relativistic processes, shock waves, Astrophysics - High Energy Astrophysical Phenomena, Physics - Fluid Dynamics},
         year = 2015,
        month = jun,
       volume = {806},
       number = {2},
          eid = {205},
        pages = {205},
          doi = {10.1088/0004-637X/806/2/205},
archivePrefix = {arXiv},
       eprint = {1407.8250},
 primaryClass = {astro-ph.HE},
       adsurl = {https://ui.adsabs.harvard.edu/abs/2015ApJ...806..205D},
      adsnote = {Provided by the SAO/NASA Astrophysics Data System}
}

@ARTICLE{Oganesyan2020,
       author = {{Oganesyan}, Gor and {Ascenzi}, Stefano and {Branchesi}, Marica and {Salafia}, Om Sharan and {Dall'Osso}, Simone and {Ghirlanda}, Giancarlo},
        title = "{Structured Jets and X-Ray Plateaus in Gamma-Ray Burst Phenomena}",
      journal = {\apj},
     keywords = {739, 187, 629, Astrophysics - High Energy Astrophysical Phenomena},
         year = 2020,
        month = apr,
       volume = {893},
       number = {2},
          eid = {88},
        pages = {88},
          doi = {10.3847/1538-4357/ab8221},
archivePrefix = {arXiv},
       eprint = {1904.08786},
 primaryClass = {astro-ph.HE},
       adsurl = {https://ui.adsabs.harvard.edu/abs/2020ApJ...893...88O},
      adsnote = {Provided by the SAO/NASA Astrophysics Data System}
}

@ARTICLE{Duque2021arXiv,
       author = {{Duque}, Rapha{\"e}l and {Beniamini}, Paz and {Daigne}, Fr{\'e}d{\'e}ric and {Mochkovitch}, Robert},
        title = "{Flares in gamma-ray burst X-ray afterglows as prompt emission from slightly misaligned structured jets}",
      journal = {arXiv e-prints},
     keywords = {Astrophysics - High Energy Astrophysical Phenomena},
         year = 2021,
        month = dec,
          eid = {arXiv:2112.02917},
        pages = {arXiv:2112.02917},
archivePrefix = {arXiv},
       eprint = {2112.02917},
 primaryClass = {astro-ph.HE},
       adsurl = {https://ui.adsabs.harvard.edu/abs/2021arXiv211202917D},
      adsnote = {Provided by the SAO/NASA Astrophysics Data System}
}

@ARTICLE{Barkov2021,
       author = {{Barkov}, Maxim V. and {Luo}, Yonggang and {Lyutikov}, Maxim},
        title = "{Dynamics and Emission of Wind-powered Afterglows of Gamma-Ray Bursts: Flares, Plateaus, and Steep Decays}",
      journal = {\apj},
     keywords = {Gamma-ray bursts, Magnetohydrodynamics, Non-thermal radiation sources, X-ray transient sources, 629, 1964, 1119, 1852, Astrophysics - High Energy Astrophysical Phenomena},
         year = 2021,
        month = feb,
       volume = {907},
       number = {2},
          eid = {109},
        pages = {109},
          doi = {10.3847/1538-4357/abd5c2},
archivePrefix = {arXiv},
       eprint = {2004.13600},
 primaryClass = {astro-ph.HE},
       adsurl = {https://ui.adsabs.harvard.edu/abs/2021ApJ...907..109B},
      adsnote = {Provided by the SAO/NASA Astrophysics Data System}
}

@ARTICLE{Ascenzi2020,
       author = {{Ascenzi}, S. and {Oganesyan}, G. and {Salafia}, O.~S. and {Branchesi}, M. and {Ghirlanda}, G. and {Dall'Osso}, S.},
        title = "{High-latitude emission from the structured jet of {\ensuremath{\gamma}}-ray bursts observed off-axis}",
      journal = {\aap},
     keywords = {gamma-ray burst: general, relativistic processes, gravitational waves, Astrophysics - High Energy Astrophysical Phenomena},
         year = 2020,
        month = sep,
       volume = {641},
          eid = {A61},
        pages = {A61},
          doi = {10.1051/0004-6361/202038265},
archivePrefix = {arXiv},
       eprint = {2004.12215},
 primaryClass = {astro-ph.HE},
       adsurl = {https://ui.adsabs.harvard.edu/abs/2020A&A...641A..61A},
      adsnote = {Provided by the SAO/NASA Astrophysics Data System}
}

@ARTICLE{Beniamini2020,
       author = {{Beniamini}, Paz and {Duque}, Rapha{\"e}l and {Daigne}, Fr{\'e}d{\'e}ric and {Mochkovitch}, Robert},
        title = "{X-ray plateaus in gamma-ray bursts' light curves from jets viewed slightly off-axis}",
      journal = {\mnras},
     keywords = {radiation mechanisms: general, gamma-ray burst: general, Astrophysics - High Energy Astrophysical Phenomena},
         year = 2020,
        month = feb,
       volume = {492},
       number = {2},
        pages = {2847-2857},
          doi = {10.1093/mnras/staa070},
archivePrefix = {arXiv},
       eprint = {1907.05899},
 primaryClass = {astro-ph.HE},
       adsurl = {https://ui.adsabs.harvard.edu/abs/2020MNRAS.492.2847B},
      adsnote = {Provided by the SAO/NASA Astrophysics Data System}
}

@ARTICLE{East2019,
       author = {{East}, William E. and {Paschalidis}, Vasileios and {Pretorius}, Frans and {Tsokaros}, Antonios},
        title = "{Binary neutron star mergers: Effects of spin and post-merger dynamics}",
      journal = {\prd},
     keywords = {Astrophysics - High Energy Astrophysical Phenomena, General Relativity and Quantum Cosmology},
         year = 2019,
        month = dec,
       volume = {100},
       number = {12},
          eid = {124042},
        pages = {124042},
          doi = {10.1103/PhysRevD.100.124042},
archivePrefix = {arXiv},
       eprint = {1906.05288},
 primaryClass = {astro-ph.HE},
       adsurl = {https://ui.adsabs.harvard.edu/abs/2019PhRvD.100l4042E},
      adsnote = {Provided by the SAO/NASA Astrophysics Data System}
}

@ARTICLE{Dudi2021,
       author = {{Dudi}, Reetika and {Dietrich}, Tim and {Rashti}, Alireza and {Bruegmann}, Bernd and {Steinhoff}, Jan and {Tichy}, Wolfgang},
        title = "{High-accuracy simulations of highly spinning binary neutron star systems}",
      journal = {arXiv e-prints},
     keywords = {General Relativity and Quantum Cosmology, Astrophysics - High Energy Astrophysical Phenomena, Astrophysics - Solar and Stellar Astrophysics},
         year = 2021,
        month = aug,
          eid = {arXiv:2108.10429},
        pages = {arXiv:2108.10429},
archivePrefix = {arXiv},
       eprint = {2108.10429},
 primaryClass = {gr-qc},
       adsurl = {https://ui.adsabs.harvard.edu/abs/2021arXiv210810429D},
      adsnote = {Provided by the SAO/NASA Astrophysics Data System}
}

@ARTICLE{Papenfort2022,
       author = {{Papenfort}, L. Jens and {Most}, Elias R. and {Tootle}, Samuel and {Rezzolla}, Luciano},
        title = "{Impact of extreme spins and mass ratios on the post-merger observables of high-mass binary neutron stars}",
      journal = {arXiv e-prints},
     keywords = {Astrophysics - High Energy Astrophysical Phenomena, General Relativity and Quantum Cosmology},
         year = 2022,
        month = jan,
          eid = {arXiv:2201.03632},
        pages = {arXiv:2201.03632},
archivePrefix = {arXiv},
       eprint = {2201.03632},
 primaryClass = {astro-ph.HE},
       adsurl = {https://ui.adsabs.harvard.edu/abs/2022arXiv220103632P},
      adsnote = {Provided by the SAO/NASA Astrophysics Data System}
}

@ARTICLE{Lira2022,
       author = {{Lira}, Mariana and {Degollado}, Juan Carlos and {Moreno}, Claudia and {N{\'u}{\~n}ez}, Dar{\'\i}o},
        title = "{On the role of magnetic fields into the dynamics and gravitational wave emission of binary neutron stars}",
      journal = {arXiv e-prints},
     keywords = {General Relativity and Quantum Cosmology},
         year = 2022,
        month = jan,
          eid = {arXiv:2201.02287},
        pages = {arXiv:2201.02287},
archivePrefix = {arXiv},
       eprint = {2201.02287},
 primaryClass = {gr-qc},
       adsurl = {https://ui.adsabs.harvard.edu/abs/2022arXiv220102287L},
      adsnote = {Provided by the SAO/NASA Astrophysics Data System}
}

@ARTICLE{Giacomazzo2009,
       author = {{Giacomazzo}, Bruno and {Rezzolla}, Luciano and {Baiotti}, Luca},
        title = "{Can magnetic fields be detected during the inspiral of binary neutron stars?}",
      journal = {\mnras},
     keywords = {gravitational waves, magnetic fields, MHD, relativity, binaries: general, stars: neutron, General Relativity and Quantum Cosmology, Astrophysics - High Energy Astrophysical Phenomena},
         year = 2009,
        month = oct,
       volume = {399},
       number = {1},
        pages = {L164-L168},
          doi = {10.1111/j.1745-3933.2009.00745.x},
archivePrefix = {arXiv},
       eprint = {0901.2722},
 primaryClass = {gr-qc},
       adsurl = {https://ui.adsabs.harvard.edu/abs/2009MNRAS.399L.164G},
      adsnote = {Provided by the SAO/NASA Astrophysics Data System}
}

@ARTICLE{Palenzuela2021,
       author = {{Palenzuela}, C. and {Aguilera-Miret}, R. and {Carrasco}, F. and {Ciolfi}, R. and {Kalinani}, J.~V. and {Kastaun}, W. and {Mi{\~n}ano}, B. and {Vigan{\`o}}, D.},
        title = "{Turbulent magnetic field amplification in binary neutron star mergers}",
      journal = {arXiv e-prints},
     keywords = {General Relativity and Quantum Cosmology, Astrophysics - High Energy Astrophysical Phenomena},
         year = 2021,
        month = dec,
          eid = {arXiv:2112.08413},
        pages = {arXiv:2112.08413},
archivePrefix = {arXiv},
       eprint = {2112.08413},
 primaryClass = {gr-qc},
       adsurl = {https://ui.adsabs.harvard.edu/abs/2021arXiv211208413P},
      adsnote = {Provided by the SAO/NASA Astrophysics Data System}
}


@ARTICLE{Raaijmakers2021_GW190425,
       author = {{Raaijmakers}, Geert and {Nissanke}, Samaya and {Foucart}, Francois and {Kasliwal}, Mansi M. and {Bulla}, Mattia and {Fern{\'a}ndez}, Rodrigo and {Henkel}, Amelia and {Hinderer}, Tanja and {Hotokezaka}, Kenta and {Luko{\v{s}}i{\={u}}t{\.{e}}}, Kamil{\.{e}} and {Venumadhav}, Tejaswi and {Antier}, Sarah and {Coughlin}, Michael W. and {Dietrich}, Tim and {Edwards}, Thomas D.~P.},
        title = "{The Challenges Ahead for Multimessenger Analyses of Gravitational Waves and Kilonova: A Case Study on GW190425}",
      journal = {\apj},
     keywords = {283, 675, 1900, 1108, 162, 1324, Astrophysics - High Energy Astrophysical Phenomena, Astrophysics - Cosmology and Nongalactic Astrophysics, General Relativity and Quantum Cosmology},
         year = 2021,
        month = dec,
       volume = {922},
       number = {2},
          eid = {269},
        pages = {269},
          doi = {10.3847/1538-4357/ac222d},
archivePrefix = {arXiv},
       eprint = {2102.11569},
 primaryClass = {astro-ph.HE},
       adsurl = {https://ui.adsabs.harvard.edu/abs/2021ApJ...922..269R},
      adsnote = {Provided by the SAO/NASA Astrophysics Data System}
}

@ARTICLE{Li1998,
       author = {{Li}, Li-Xin and {Paczy{\'n}ski}, Bohdan},
        title = "{Transient Events from Neutron Star Mergers}",
      journal = {\apjl},
     keywords = {STARS: BINARIES: CLOSE, GAMMA RAYS: BURSTS, STARS: NEUTRON, STARS: SUPERNOVAE: GENERAL, Stars: Binaries: Close, Gamma Rays: Bursts, Stars: Neutron, Stars: Supernovae: General, Astrophysics},
         year = 1998,
        month = nov,
       volume = {507},
       number = {1},
        pages = {L59-L62},
          doi = {10.1086/311680},
archivePrefix = {arXiv},
       eprint = {astro-ph/9807272},
 primaryClass = {astro-ph},
       adsurl = {https://ui.adsabs.harvard.edu/abs/1998ApJ...507L..59L},
      adsnote = {Provided by the SAO/NASA Astrophysics Data System}
}

@ARTICLE{Metzger2019,
       author = {{Metzger}, Brian D.},
        title = "{Kilonovae}",
      journal = {Living Reviews in Relativity},
     keywords = {Gravitational waves, Neutron stars, Nucleosynthesis, Black holes, Radiative transfer, Astrophysics - High Energy Astrophysical Phenomena},
         year = 2019,
        month = dec,
       volume = {23},
       number = {1},
          eid = {1},
        pages = {1},
          doi = {10.1007/s41114-019-0024-0},
archivePrefix = {arXiv},
       eprint = {1910.01617},
 primaryClass = {astro-ph.HE},
       adsurl = {https://ui.adsabs.harvard.edu/abs/2019LRR....23....1M},
      adsnote = {Provided by the SAO/NASA Astrophysics Data System}
}

@ARTICLE{Barbieri2019,
       author = {{Barbieri}, C. and {Salafia}, O.~S. and {Perego}, A. and {Colpi}, M. and {Ghirlanda}, G.},
        title = "{Light-curve models of black hole - neutron star mergers: steps towards a multi-messenger parameter estimation}",
      journal = {\aap},
     keywords = {stars: neutron, stars: black holes, binaries: general, gamma-ray burst: general, gravitational waves, Astrophysics - High Energy Astrophysical Phenomena},
         year = 2019,
        month = may,
       volume = {625},
          eid = {A152},
        pages = {A152},
          doi = {10.1051/0004-6361/201935443},
archivePrefix = {arXiv},
       eprint = {1903.04543},
 primaryClass = {astro-ph.HE},
       adsurl = {https://ui.adsabs.harvard.edu/abs/2019A&A...625A.152B},
      adsnote = {Provided by the SAO/NASA Astrophysics Data System}
}

@ARTICLE{Breschi2021,
       author = {{Breschi}, Matteo and {Perego}, Albino and {Bernuzzi}, Sebastiano and {Del Pozzo}, Walter and {Nedora}, Vsevolod and {Radice}, David and {Vescovi}, Diego},
        title = "{AT2017gfo: Bayesian inference and model selection of multicomponent kilonovae and constraints on the neutron star equation of state}",
      journal = {\mnras},
     keywords = {equation of state, methods: data analysis, neutron star mergers, Astrophysics - High Energy Astrophysical Phenomena},
         year = 2021,
        month = aug,
       volume = {505},
       number = {2},
        pages = {1661-1677},
          doi = {10.1093/mnras/stab1287},
archivePrefix = {arXiv},
       eprint = {2101.01201},
 primaryClass = {astro-ph.HE},
       adsurl = {https://ui.adsabs.harvard.edu/abs/2021MNRAS.505.1661B},
      adsnote = {Provided by the SAO/NASA Astrophysics Data System}
}

@ARTICLE{Lazzati2019,
       author = {{Lazzati}, Davide and {Perna}, Rosalba},
        title = "{Jet-Cocoon Outflows from Neutron Star Mergers: Structure, Light Curves, and Fundamental Physics}",
      journal = {\apj},
     keywords = {gamma-ray burst: general, gravitational waves, stars: neutron, Astrophysics - High Energy Astrophysical Phenomena, Astrophysics - Solar and Stellar Astrophysics, General Relativity and Quantum Cosmology},
         year = 2019,
        month = aug,
       volume = {881},
       number = {2},
          eid = {89},
        pages = {89},
          doi = {10.3847/1538-4357/ab2e06},
archivePrefix = {arXiv},
       eprint = {1904.08425},
 primaryClass = {astro-ph.HE},
       adsurl = {https://ui.adsabs.harvard.edu/abs/2019ApJ...881...89L},
      adsnote = {Provided by the SAO/NASA Astrophysics Data System}
}

@ARTICLE{Radice2019,
       author = {{Radice}, David and {Dai}, Liang},
        title = "{Multimessenger parameter estimation of GW170817}",
      journal = {European Physical Journal A},
     keywords = {Astrophysics - High Energy Astrophysical Phenomena, Nuclear Theory},
         year = 2019,
        month = apr,
       volume = {55},
       number = {4},
          eid = {50},
        pages = {50},
          doi = {10.1140/epja/i2019-12716-4},
archivePrefix = {arXiv},
       eprint = {1810.12917},
 primaryClass = {astro-ph.HE},
       adsurl = {https://ui.adsabs.harvard.edu/abs/2019EPJA...55...50R},
      adsnote = {Provided by the SAO/NASA Astrophysics Data System}
}

@ARTICLE{Coughlin2019,
       author = {{Coughlin}, Michael W. and {Dietrich}, Tim and {Margalit}, Ben and {Metzger}, Brian D.},
        title = "{Multimessenger Bayesian parameter inference of a binary neutron star merger}",
      journal = {\mnras},
     keywords = {gravitational waves, methods: statistical, Astrophysics - High Energy Astrophysical Phenomena},
         year = 2019,
        month = oct,
       volume = {489},
       number = {1},
        pages = {L91-L96},
          doi = {10.1093/mnrasl/slz133},
archivePrefix = {arXiv},
       eprint = {1812.04803},
 primaryClass = {astro-ph.HE},
       adsurl = {https://ui.adsabs.harvard.edu/abs/2019MNRAS.489L..91C},
      adsnote = {Provided by the SAO/NASA Astrophysics Data System}
}

@ARTICLE{Hotokezaka2019,
       author = {{Hotokezaka}, K. and {Nakar}, E. and {Gottlieb}, O. and {Nissanke}, S. and {Masuda}, K. and {Hallinan}, G. and {Mooley}, K.~P. and {Deller}, A.~T.},
        title = "{A Hubble constant measurement from superluminal motion of the jet in GW170817}",
      journal = {Nature Astronomy},
     keywords = {Astrophysics - Cosmology and Nongalactic Astrophysics, Astrophysics - High Energy Astrophysical Phenomena, General Relativity and Quantum Cosmology},
         year = 2019,
        month = jul,
       volume = {3},
        pages = {940-944},
          doi = {10.1038/s41550-019-0820-1},
archivePrefix = {arXiv},
       eprint = {1806.10596},
 primaryClass = {astro-ph.CO},
       adsurl = {https://ui.adsabs.harvard.edu/abs/2019NatAs...3..940H},
      adsnote = {Provided by the SAO/NASA Astrophysics Data System}
}

@ARTICLE{Sarin2022,
       author = {{Sarin}, Nikhil and {Lasky}, Paul D. and {Vivanco}, Francisco Hernandez and {Stevenson}, Simon P. and {Chattopadhyay}, Debatri and {Smith}, Rory and {Thrane}, Eric},
        title = "{Linking the rates of neutron star binaries and short gamma-ray bursts}",
      journal = {\prd},
     keywords = {Astrophysics - High Energy Astrophysical Phenomena, General Relativity and Quantum Cosmology},
         year = 2022,
        month = apr,
       volume = {105},
       number = {8},
          eid = {083004},
        pages = {083004},
          doi = {10.1103/PhysRevD.105.083004},
archivePrefix = {arXiv},
       eprint = {2201.08491},
 primaryClass = {astro-ph.HE},
       adsurl = {https://ui.adsabs.harvard.edu/abs/2022PhRvD.105h3004S},
      adsnote = {Provided by the SAO/NASA Astrophysics Data System}
}



@ARTICLE{Coward2012,
       author = {{Coward}, D.~M. and {Howell}, E.~J. and {Piran}, T. and {Stratta}, G. and {Branchesi}, M. and {Bromberg}, O. and {Gendre}, B. and {Burman}, R.~R. and {Guetta}, D.},
        title = "{The Swift short gamma-ray burst rate density: implications for binary neutron star merger rates}",
      journal = {\mnras},
     keywords = {gravitational waves, techniques: miscellaneous, gamma-ray burst: individual, stars: neutron, Astrophysics - Cosmology and Nongalactic Astrophysics, Astrophysics - High Energy Astrophysical Phenomena, General Relativity and Quantum Cosmology},
         year = 2012,
        month = oct,
       volume = {425},
       number = {4},
        pages = {2668-2673},
          doi = {10.1111/j.1365-2966.2012.21604.x},
archivePrefix = {arXiv},
       eprint = {1202.2179},
 primaryClass = {astro-ph.CO},
       adsurl = {https://ui.adsabs.harvard.edu/abs/2012MNRAS.425.2668C},
      adsnote = {Provided by the SAO/NASA Astrophysics Data System}
}

@ARTICLE{Tan2020,
       author = {{Tan}, Wei-Wei and {Yu}, Yun-Wei},
        title = "{The Jet Structure and the Intrinsic Luminosity Function of Short Gamma-Ray Bursts}",
      journal = {\apj},
     keywords = {Gamma-ray bursts, 629, Astrophysics - High Energy Astrophysical Phenomena},
         year = 2020,
        month = oct,
       volume = {902},
       number = {1},
          eid = {83},
        pages = {83},
          doi = {10.3847/1538-4357/abb404},
archivePrefix = {arXiv},
       eprint = {2006.02060},
 primaryClass = {astro-ph.HE},
       adsurl = {https://ui.adsabs.harvard.edu/abs/2020ApJ...902...83T},
      adsnote = {Provided by the SAO/NASA Astrophysics Data System}
}

@ARTICLE{Liu2019,
       author = {{Liu}, Hao-Yang and {Yu}, Yun-Wei},
        title = "{Revisiting the event rate of short GRBs and estimating their detectable number within the Advanced LIGO horizon}",
      journal = {Research in Astronomy and Astrophysics},
         year = 2019,
        month = aug,
       volume = {19},
       number = {8},
          eid = {118},
        pages = {118},
          doi = {10.1088/1674-4527/19/8/118},
       adsurl = {https://ui.adsabs.harvard.edu/abs/2019RAA....19..118L},
      adsnote = {Provided by the SAO/NASA Astrophysics Data System}
}

@ARTICLE{Sun2017,
       author = {{Sun}, Hui and {Zhang}, Bing and {Gao}, He},
        title = "{X-Ray Counterpart of Gravitational Waves Due to Binary Neutron Star Mergers: Light Curves, Luminosity Function, and Event Rate Density}",
      journal = {\apj},
     keywords = {equation of state, stars: luminosity function, mass function, stars: magnetars, Astrophysics - High Energy Astrophysical Phenomena},
         year = 2017,
        month = jan,
       volume = {835},
       number = {1},
          eid = {7},
        pages = {7},
          doi = {10.3847/1538-4357/835/1/7},
archivePrefix = {arXiv},
       eprint = {1610.03860},
 primaryClass = {astro-ph.HE},
       adsurl = {https://ui.adsabs.harvard.edu/abs/2017ApJ...835....7S},
      adsnote = {Provided by the SAO/NASA Astrophysics Data System}
}

@ARTICLE{Galaudage2021,
       author = {{Galaudage}, Shanika and {Adamcewicz}, Christian and {Zhu}, Xing-Jiang and {Stevenson}, Simon and {Thrane}, Eric},
        title = "{Heavy Double Neutron Stars: Birth, Midlife, and Death}",
      journal = {\apjl},
     keywords = {Neutron stars, Gravitational waves, Binary pulsars, 1108, 678, 153, Astrophysics - High Energy Astrophysical Phenomena},
         year = 2021,
        month = mar,
       volume = {909},
       number = {2},
          eid = {L19},
        pages = {L19},
          doi = {10.3847/2041-8213/abe7f6},
archivePrefix = {arXiv},
       eprint = {2011.01495},
 primaryClass = {astro-ph.HE},
       adsurl = {https://ui.adsabs.harvard.edu/abs/2021ApJ...909L..19G},
      adsnote = {Provided by the SAO/NASA Astrophysics Data System}
}

@ARTICLE{Broekgaarden2021,
       author = {{Broekgaarden}, Floor S. and {Berger}, Edo and {Stevenson}, Simon and {Justham}, Stephen and {Mandel}, Ilya and {Chru{\'s}li{\'n}ska}, Martyna and {van Son}, Lieke A.~C. and {Wagg}, Tom and {Vigna-G{\'o}mez}, Alejandro and {de Mink}, Selma E. and {Chattopadhyay}, Debatri and {Neijssel}, Coenraad J.},
        title = "{Impact of Massive Binary Star and Cosmic Evolution on Gravitational Wave Observations II: Double Compact Object Rates and Properties}",
      journal = {arXiv e-prints},
     keywords = {Astrophysics - High Energy Astrophysical Phenomena, Astrophysics - Solar and Stellar Astrophysics},
         year = 2021,
        month = dec,
          eid = {arXiv:2112.05763},
        pages = {arXiv:2112.05763},
archivePrefix = {arXiv},
       eprint = {2112.05763},
 primaryClass = {astro-ph.HE},
       adsurl = {https://ui.adsabs.harvard.edu/abs/2021arXiv211205763B},
      adsnote = {Provided by the SAO/NASA Astrophysics Data System}
}

@ARTICLE{Moharana2017,
       author = {{Moharana}, Reetanjali and {Piran}, Tsvi},
        title = "{Observational evidence for mass ejection accompanying short gamma-ray bursts}",
      journal = {\mnras},
     keywords = {nuclear reactions, nucleosynthesis, abundances, methods: data analysis, gamma-ray burst: general, Astrophysics - High Energy Astrophysical Phenomena},
         year = 2017,
        month = nov,
       volume = {472},
       number = {1},
        pages = {L55-L59},
          doi = {10.1093/mnrasl/slx131},
archivePrefix = {arXiv},
       eprint = {1705.02598},
 primaryClass = {astro-ph.HE},
       adsurl = {https://ui.adsabs.harvard.edu/abs/2017MNRAS.472L..55M},
      adsnote = {Provided by the SAO/NASA Astrophysics Data System}
}

@ARTICLE{Duffell2018,
       author = {{Duffell}, Paul C. and {Quataert}, Eliot and {Kasen}, Daniel and {Klion}, Hannah},
        title = "{Jet Dynamics in Compact Object Mergers: GW170817 Likely Had a Successful Jet}",
      journal = {\apj},
     keywords = {gamma-ray burst: general, gravitational waves, hydrodynamics, ISM: jets and outflows, relativistic processes, shock waves, Astrophysics - High Energy Astrophysical Phenomena},
         year = 2018,
        month = oct,
       volume = {866},
       number = {1},
          eid = {3},
        pages = {3},
          doi = {10.3847/1538-4357/aae084},
archivePrefix = {arXiv},
       eprint = {1806.10616},
 primaryClass = {astro-ph.HE},
       adsurl = {https://ui.adsabs.harvard.edu/abs/2018ApJ...866....3D},
      adsnote = {Provided by the SAO/NASA Astrophysics Data System}
}

@ARTICLE{Salafia2020,
       author = {{Salafia}, O.~S. and {Barbieri}, C. and {Ascenzi}, S. and {Toffano}, M.},
        title = "{Gamma-ray burst jet propagation, development of angular structure, and the luminosity function}",
      journal = {\aap},
     keywords = {gamma-ray burst: general, stars: neutron, relativistic processes, Astrophysics - High Energy Astrophysical Phenomena},
         year = 2020,
        month = apr,
       volume = {636},
          eid = {A105},
        pages = {A105},
          doi = {10.1051/0004-6361/201936335},
archivePrefix = {arXiv},
       eprint = {1907.07599},
 primaryClass = {astro-ph.HE},
       adsurl = {https://ui.adsabs.harvard.edu/abs/2020A&A...636A.105S},
      adsnote = {Provided by the SAO/NASA Astrophysics Data System}
}

@ARTICLE{Fryer2015,
       author = {{Fryer}, Chris L. and {Belczynski}, Krzysztoff and {Ramirez-Ruiz}, Enrico and {Rosswog}, Stephan and {Shen}, Gang and {Steiner}, Andrew W.},
        title = "{The Fate of the Compact Remnant in Neutron Star Mergers}",
      journal = {\apj},
     keywords = {gamma-ray burst: general, stars: neutron, Astrophysics - High Energy Astrophysical Phenomena, General Relativity and Quantum Cosmology, Nuclear Theory},
         year = 2015,
        month = oct,
       volume = {812},
       number = {1},
          eid = {24},
        pages = {24},
          doi = {10.1088/0004-637X/812/1/24},
archivePrefix = {arXiv},
       eprint = {1504.07605},
 primaryClass = {astro-ph.HE},
       adsurl = {https://ui.adsabs.harvard.edu/abs/2015ApJ...812...24F},
      adsnote = {Provided by the SAO/NASA Astrophysics Data System}
}

@ARTICLE{Piro2017,
       author = {{Piro}, Anthony L. and {Giacomazzo}, Bruno and {Perna}, Rosalba},
        title = "{The Fate of Neutron Star Binary Mergers}",
      journal = {\apjl},
     keywords = {gamma-ray burst: general, gravitational waves, stars: magnetars, stars: neutron, Astrophysics - High Energy Astrophysical Phenomena},
         year = 2017,
        month = aug,
       volume = {844},
       number = {2},
          eid = {L19},
        pages = {L19},
          doi = {10.3847/2041-8213/aa7f2f},
archivePrefix = {arXiv},
       eprint = {1704.08697},
 primaryClass = {astro-ph.HE},
       adsurl = {https://ui.adsabs.harvard.edu/abs/2017ApJ...844L..19P},
      adsnote = {Provided by the SAO/NASA Astrophysics Data System}
}

@ARTICLE{Salafia2019,
       author = {{Salafia}, O.~S. and {Ghirlanda}, G. and {Ascenzi}, S. and {Ghisellini}, G.},
        title = "{On-axis view of GRB 170817A}",
      journal = {\aap},
     keywords = {relativistic processes, gamma-ray burst: individual: GRB 170817A, stars: neutron, gravitational waves, Astrophysics - High Energy Astrophysical Phenomena},
         year = 2019,
        month = aug,
       volume = {628},
          eid = {A18},
        pages = {A18},
          doi = {10.1051/0004-6361/201935831},
archivePrefix = {arXiv},
       eprint = {1905.01190},
 primaryClass = {astro-ph.HE},
       adsurl = {https://ui.adsabs.harvard.edu/abs/2019A&A...628A..18S},
      adsnote = {Provided by the SAO/NASA Astrophysics Data System}
}

@ARTICLE{Abbot2017_GW170817_GRB170817A,
       author = {Abbott, B.~P. and {LIGO Scientific Collaboration} and {Virgo Collaboration} and {Fermi Gamma-ray Burst Monitor} and {INTEGRAL}},
        title = "{Gravitational Waves and Gamma-Rays from a Binary Neutron Star Merger: GW170817 and GRB 170817A}",
      journal = {\apjl},
     keywords = {binaries: close, gamma-ray burst: general, gravitational waves, Astrophysics - High Energy Astrophysical Phenomena, General Relativity and Quantum Cosmology},
         year = 2017,
        month = oct,
       volume = {848},
       number = {2},
          eid = {L13},
        pages = {L13},
          doi = {10.3847/2041-8213/aa920c},
archivePrefix = {arXiv},
       eprint = {1710.05834},
 primaryClass = {astro-ph.HE},
       adsurl = {https://ui.adsabs.harvard.edu/abs/2017ApJ...848L..13A},
      adsnote = {Provided by the SAO/NASA Astrophysics Data System}
}

@ARTICLE{Perego2014,
       author = {{Perego}, A. and {Rosswog}, S. and {Cabez{\'o}n}, R.~M. and {Korobkin}, O. and {K{\"a}ppeli}, R. and {Arcones}, A. and {Liebend{\"o}rfer}, M.},
        title = "{Neutrino-driven winds from neutron star merger remnants}",
      journal = {\mnras},
     keywords = {accretion, accretion discs, dense matter, hydrodynamics, neutrinos, stars: neutron, Astrophysics - High Energy Astrophysical Phenomena},
         year = 2014,
        month = oct,
       volume = {443},
       number = {4},
        pages = {3134-3156},
          doi = {10.1093/mnras/stu1352},
archivePrefix = {arXiv},
       eprint = {1405.6730},
 primaryClass = {astro-ph.HE},
       adsurl = {https://ui.adsabs.harvard.edu/abs/2014MNRAS.443.3134P},
      adsnote = {Provided by the SAO/NASA Astrophysics Data System}
}

@ARTICLE{Cromartie2020,
       author = {{Cromartie}, H.~T. and {Fonseca}, E. and {Ransom}, S.~M. and {Demorest}, P.~B. and {Arzoumanian}, Z. and {Blumer}, H. and {Brook}, P.~R. and {DeCesar}, M.~E. and {Dolch}, T. and {Ellis}, J.~A. and {Ferdman}, R.~D. and {Ferrara}, E.~C. and {Garver-Daniels}, N. and {Gentile}, P.~A. and {Jones}, M.~L. and {Lam}, M.~T. and {Lorimer}, D.~R. and {Lynch}, R.~S. and {McLaughlin}, M.~A. and {Ng}, C. and {Nice}, D.~J. and {Pennucci}, T.~T. and {Spiewak}, R. and {Stairs}, I.~H. and {Stovall}, K. and {Swiggum}, J.~K. and {Zhu}, W.~W.},
        title = "{Relativistic Shapiro delay measurements of an extremely massive millisecond pulsar}",
      journal = {Nature Astronomy},
     keywords = {Astrophysics - High Energy Astrophysical Phenomena},
         year = 2020,
        month = jan,
       volume = {4},
        pages = {72-76},
          doi = {10.1038/s41550-019-0880-2},
archivePrefix = {arXiv},
       eprint = {1904.06759},
 primaryClass = {astro-ph.HE},
       adsurl = {https://ui.adsabs.harvard.edu/abs/2020NatAs...4...72C},
      adsnote = {Provided by the SAO/NASA Astrophysics Data System}
}

@ARTICLE{Chen2013,
       author = {{Chen}, Hsin-Yu and {Holz}, Daniel E.},
        title = "{Gamma-Ray-Burst Beaming and Gravitational-Wave Observations}",
      journal = {\prl},
     keywords = {04.30.-w, 95.85.Sz, 98.70.Rz, Gravitational waves: theory, Gravitational radiation magnetic fields and other observations, gamma-ray sources, gamma-ray bursts, Astrophysics - Cosmology and Nongalactic Astrophysics, General Relativity and Quantum Cosmology},
         year = 2013,
        month = nov,
       volume = {111},
       number = {18},
          eid = {181101},
        pages = {181101},
          doi = {10.1103/PhysRevLett.111.181101},
archivePrefix = {arXiv},
       eprint = {1206.0703},
 primaryClass = {astro-ph.CO},
       adsurl = {https://ui.adsabs.harvard.edu/abs/2013PhRvL.111r1101C},
      adsnote = {Provided by the SAO/NASA Astrophysics Data System}
}

@article{aLIGO2015,
	doi = {10.1088/0264-9381/32/7/074001},
	url = {https://doi.org/10.1088/0264-9381/32/7/074001},
	year = 2015,
	month = {mar},
	publisher = {{IOP} Publishing},
	volume = {32},
	number = {7},
	pages = {074001},
	author = {J Aasi and B P Abbott and R Abbott and {The LIGO Scientific Collaboration}},
	title = {Advanced {LIGO}},
	journal = {Classical and Quantum Gravity},
	abstract = {The Advanced LIGO gravitational wave detectors are second-generation instruments designed and built for the two LIGO observatories in Hanford, WA and Livingston, LA, USA. The two instruments are identical in design, and are specialized versions of a Michelson interferometer with 4 km long arms. As in Initial LIGO, Fabry–Perot cavities are used in the arms to increase the interaction time with a gravitational wave, and power recycling is used to increase the effective laser power. Signal recycling has been added in Advanced LIGO to improve the frequency response. In the most sensitive frequency region around 100 Hz, the design strain sensitivity is a factor of 10 better than Initial LIGO. In addition, the low frequency end of the sensitivity band is moved from 40 Hz down to 10 Hz. All interferometer components have been replaced with improved technologies to achieve this sensitivity gain. Much better seismic isolation and test mass suspensions are responsible for the gains at lower frequencies. Higher laser power, larger test masses and improved mirror coatings lead to the improved sensitivity at mid and high frequencies. Data collecting runs with these new instruments are planned to begin in mid-2015.}
}

@article{Acernese2014,
	doi = {10.1088/0264-9381/32/2/024001},
	url = {https://doi.org/10.1088/0264-9381/32/2/024001},
	year = 2014,
	month = {dec},
	publisher = {{IOP} Publishing},
	volume = {32},
	number = {2},
	pages = {024001},
	author = {F Acernese and M Agathos and K Agatsuma and {The Virgo Collaboration}},
	title = {Advanced Virgo: a second-generation interferometric gravitational wave detector},
	journal = {Classical and Quantum Gravity},
	abstract = {Advanced Virgo is the project to upgrade the Virgo interferometric detector of gravitational waves, with the aim of increasing the number of observable galaxies (and thus the detection rate) by three orders of magnitude. The project is now in an advanced construction phase and the assembly and integration will be completed by the end of 2015. Advanced Virgo will be part of a network, alongside the two Advanced LIGO detectors in the US and GEO HF in Germany, with the goal of contributing to the early detection of gravitational waves and to opening a new window of observation on the universe. In this paper we describe the main features of the Advanced Virgo detector and outline the status of the construction.}
}

@article{Somiya2012,
	doi = {10.1088/0264-9381/29/12/124007},
	url = {https://doi.org/10.1088/0264-9381/29/12/124007},
	year = 2012,
	month = {jun},
	publisher = {{IOP} Publishing},
	volume = {29},
	number = {12},
	pages = {124007},
	author = {Kentaro Somiya},
	title = {Detector configuration of {KAGRA}{\textendash}the Japanese cryogenic gravitational-wave detector},
	journal = {Classical and Quantum Gravity},
	abstract = {The construction of the Japanese second-generation gravitational-wave detector KAGRA (previously called LCGT) has been started. In the next 6–7 years, we will be able to observe the spacetime ripple from faraway galaxies. KAGRA is equipped with the latest advanced technologies. The entire 3 km long detector is located in the underground to be isolated from the seismic motion, the core optics are cooled down to 20 K to reduce thermal fluctuations and quantum non-demolition techniques are used to decrease quantum noise. In this paper, we introduce the detector configuration of KAGRA, its design, strategy and downselection of parameters.}
}

@ARTICLE{VignaGomez2021,
       author = {{Vigna-G{\'o}mez}, Alejandro and {Schr{\o}der}, Sophie L. and {Ramirez-Ruiz}, Enrico and {Aguilera-Dena}, David R. and {Batta}, Aldo and {Langer}, Norbert and {Willcox}, Reinhold},
        title = "{Fallback Supernova Assembly of Heavy Binary Neutron Stars and Light Black Hole-Neutron Star Pairs and the Common Stellar Ancestry of GW190425 and GW200115}",
      journal = {\apjl},
     keywords = {Neutron stars, Black holes, Stellar remnants, Compact objects, Massive stars, Supernovae, Gravitational wave sources, Gravitational waves, Gravitational wave astronomy, 1108, 162, 1627, 288, 732, 1668, 677, 678, 675, Astrophysics - High Energy Astrophysical Phenomena, Astrophysics - Solar and Stellar Astrophysics},
         year = 2021,
        month = oct,
       volume = {920},
       number = {1},
          eid = {L17},
        pages = {L17},
          doi = {10.3847/2041-8213/ac2903},
archivePrefix = {arXiv},
       eprint = {2106.12381},
 primaryClass = {astro-ph.HE},
       adsurl = {https://ui.adsabs.harvard.edu/abs/2021ApJ...920L..17V},
      adsnote = {Provided by the SAO/NASA Astrophysics Data System}
}

@ARTICLE{Broekgaarden2021_NSBH,
       author = {{Broekgaarden}, Floor S. and {Berger}, Edo and {Neijssel}, Coenraad J. and {Vigna-G{\'o}mez}, Alejandro and {Chattopadhyay}, Debatri and {Stevenson}, Simon and {Chruslinska}, Martyna and {Justham}, Stephen and {de Mink}, Selma E. and {Mandel}, Ilya},
        title = "{Impact of massive binary star and cosmic evolution on gravitational wave observations I: black hole-neutron star mergers}",
      journal = {\mnras},
     keywords = {(transients:) black hole-neutron star mergers, gravitational waves, stars: evolution, Astrophysics - High Energy Astrophysical Phenomena},
         year = 2021,
        month = dec,
       volume = {508},
       number = {4},
        pages = {5028-5063},
          doi = {10.1093/mnras/stab2716},
archivePrefix = {arXiv},
       eprint = {2103.02608},
 primaryClass = {astro-ph.HE},
       adsurl = {https://ui.adsabs.harvard.edu/abs/2021MNRAS.508.5028B},
      adsnote = {Provided by the SAO/NASA Astrophysics Data System}
}

@ARTICLE{Abbott2021_NSBH,
       author = {{Abbott}, R. and {the LIGO Scientific Collaboration} and {the Virgo Collaboration} and {the KAGRA Collaboration}},
        title = "{Observation of Gravitational Waves from Two Neutron Star-Black Hole Coalescences}",
      journal = {\apjl},
     keywords = {Astrophysics - High Energy Astrophysical Phenomena},
         year = 2021,
        month = jul,
       volume = {915},
       number = {1},
          eid = {L5},
        pages = {L5},
          doi = {10.3847/2041-8213/ac082e},
archivePrefix = {arXiv},
       eprint = {2106.15163},
 primaryClass = {astro-ph.HE},
       adsurl = {https://ui.adsabs.harvard.edu/abs/2021ApJ...915L...5A},
      adsnote = {Provided by the SAO/NASA Astrophysics Data System}
}

@ARTICLE{Clark2015,
       author = {{Clark}, J. and {Evans}, H. and {Fairhurst}, S. and {Harry}, I.~W. and {Macdonald}, E. and {Macleod}, D. and {Sutton}, P.~J. and {Williamson}, A.~R.},
        title = "{Prospects for Joint Gravitational Wave and Short Gamma-Ray Burst Observations}",
      journal = {\apj},
     keywords = {gamma-ray burst: general, stars: black holes, stars: neutron, Astrophysics - High Energy Astrophysical Phenomena, General Relativity and Quantum Cosmology},
         year = 2015,
        month = aug,
       volume = {809},
       number = {1},
          eid = {53},
        pages = {53},
          doi = {10.1088/0004-637X/809/1/53},
archivePrefix = {arXiv},
       eprint = {1409.8149},
 primaryClass = {astro-ph.HE},
       adsurl = {https://ui.adsabs.harvard.edu/abs/2015ApJ...809...53C},
      adsnote = {Provided by the SAO/NASA Astrophysics Data System}
}

@ARTICLE{Biscoveanu2020,
       author = {{Biscoveanu}, Sylvia and {Thrane}, Eric and {Vitale}, Salvatore},
        title = "{Constraining Short Gamma-Ray Burst Jet Properties with Gravitational Waves and Gamma-Rays}",
      journal = {\apj},
     keywords = {629, 1108, 675, 678, 677, 1853, 283, 288, 1390, Astrophysics - High Energy Astrophysical Phenomena, Astrophysics - Cosmology and Nongalactic Astrophysics, General Relativity and Quantum Cosmology},
         year = 2020,
        month = apr,
       volume = {893},
       number = {1},
          eid = {38},
        pages = {38},
          doi = {10.3847/1538-4357/ab7eaf},
archivePrefix = {arXiv},
       eprint = {1911.01379},
 primaryClass = {astro-ph.HE},
       adsurl = {https://ui.adsabs.harvard.edu/abs/2020ApJ...893...38B},
      adsnote = {Provided by the SAO/NASA Astrophysics Data System}
}

@ARTICLE{Hayes2020,
       author = {{Hayes}, Fergus and {Heng}, Ik Siong and {Veitch}, John and {Williams}, Daniel},
        title = "{Comparing Short Gamma-Ray Burst Jet Structure Models}",
      journal = {\apj},
     keywords = {629, 678, Astrophysics - High Energy Astrophysical Phenomena},
         year = 2020,
        month = mar,
       volume = {891},
       number = {2},
          eid = {124},
        pages = {124},
          doi = {10.3847/1538-4357/ab72fc},
archivePrefix = {arXiv},
       eprint = {1911.04190},
 primaryClass = {astro-ph.HE},
       adsurl = {https://ui.adsabs.harvard.edu/abs/2020ApJ...891..124H},
      adsnote = {Provided by the SAO/NASA Astrophysics Data System}
}

@ARTICLE{Farah2020,
       author = {{Farah}, Amanda and {Essick}, Reed and {Doctor}, Zoheyr and {Fishbach}, Maya and {Holz}, Daniel E.},
        title = "{Counting on Short Gamma-Ray Bursts: Gravitational-wave Constraints of Jet Geometry}",
      journal = {\apj},
     keywords = {Neutron stars, Gamma-ray bursts, Gravitational waves, 1108, 629, 678, Astrophysics - High Energy Astrophysical Phenomena, General Relativity and Quantum Cosmology},
         year = 2020,
        month = jun,
       volume = {895},
       number = {2},
          eid = {108},
        pages = {108},
          doi = {10.3847/1538-4357/ab8d26},
archivePrefix = {arXiv},
       eprint = {1912.04906},
 primaryClass = {astro-ph.HE},
       adsurl = {https://ui.adsabs.harvard.edu/abs/2020ApJ...895..108F},
      adsnote = {Provided by the SAO/NASA Astrophysics Data System}
}

@ARTICLE{Williams2018,
       author = {{Williams}, D. and {Clark}, J.~A. and {Williamson}, A.~R. and {Heng}, I.~S.},
        title = "{Constraints on Short, Hard Gamma-Ray Burst Beaming Angles from Gravitational Wave Observations}",
      journal = {\apj},
     keywords = {gamma-ray burst: general, gravitational waves, Astrophysics - High Energy Astrophysical Phenomena, General Relativity and Quantum Cosmology},
         year = 2018,
        month = may,
       volume = {858},
       number = {2},
          eid = {79},
        pages = {79},
          doi = {10.3847/1538-4357/aab847},
archivePrefix = {arXiv},
       eprint = {1712.02585},
 primaryClass = {astro-ph.HE},
       adsurl = {https://ui.adsabs.harvard.edu/abs/2018ApJ...858...79W},
      adsnote = {Provided by the SAO/NASA Astrophysics Data System}
}

@ARTICLE{Abbott2021_SGRBsearch,
       author = {{Abbott}, R. and {The LIGO Scientific Collaboration} and {the Virgo Collaboration} and {the KAGRA Collaboration}},
        title = "{Search for Gravitational Waves Associated with Gamma-Ray Bursts Detected by Fermi and Swift During the LIGO-Virgo Run O3b}",
      journal = {arXiv e-prints},
     keywords = {Astrophysics - High Energy Astrophysical Phenomena, General Relativity and Quantum Cosmology},
         year = 2021,
        month = nov,
          eid = {arXiv:2111.03608},
        pages = {arXiv:2111.03608},
archivePrefix = {arXiv},
       eprint = {2111.03608},
 primaryClass = {astro-ph.HE},
       adsurl = {https://ui.adsabs.harvard.edu/abs/2021arXiv211103608T},
      adsnote = {Provided by the SAO/NASA Astrophysics Data System}
}

@ARTICLE{Jeffreys1946,
       author = {{Jeffreys}, Harold},
        title = "{An Invariant Form for the Prior Probability in Estimation Problems}",
      journal = {Proceedings of the Royal Society of London Series A},
         year = 1946,
        month = sep,
       volume = {186},
       number = {1007},
        pages = {453-461},
          doi = {10.1098/rspa.1946.0056},
       adsurl = {https://ui.adsabs.harvard.edu/abs/1946RSPSA.186..453J},
      adsnote = {Provided by the SAO/NASA Astrophysics Data System}
}

@ARTICLE{Kumar2015,
       author = {{Kumar}, Pawan and {Zhang}, Bing},
        title = "{The physics of gamma-ray bursts \& relativistic jets}",
      journal = {\physrep},
     keywords = {Astrophysics - High Energy Astrophysical Phenomena},
         year = 2015,
        month = feb,
       volume = {561},
        pages = {1-109},
          doi = {10.1016/j.physrep.2014.09.008},
archivePrefix = {arXiv},
       eprint = {1410.0679},
 primaryClass = {astro-ph.HE},
       adsurl = {https://ui.adsabs.harvard.edu/abs/2015PhR...561....1K},
      adsnote = {Provided by the SAO/NASA Astrophysics Data System}
}

@ARTICLE{Annala2022,
       author = {{Annala}, Eemeli and {Gorda}, Tyler and {Katerini}, Evangelia and {Kurkela}, Aleksi and {N{\"a}ttil{\"a}}, Joonas and {Paschalidis}, Vasileios and {Vuorinen}, Aleksi},
        title = "{Multimessenger Constraints for Ultradense Matter}",
      journal = {Physical Review X},
     keywords = {Astrophysics - High Energy Astrophysical Phenomena, General Relativity and Quantum Cosmology, High Energy Physics - Phenomenology, Nuclear Theory},
         year = 2022,
        month = jan,
       volume = {12},
       number = {1},
          eid = {011058},
        pages = {011058},
          doi = {10.1103/PhysRevX.12.011058},
archivePrefix = {arXiv},
       eprint = {2105.05132},
 primaryClass = {astro-ph.HE},
       adsurl = {https://ui.adsabs.harvard.edu/abs/2022PhRvX..12a1058A},
      adsnote = {Provided by the SAO/NASA Astrophysics Data System}
}

@ARTICLE{Rezzolla2018,
       author = {{Rezzolla}, Luciano and {Most}, Elias R. and {Weih}, Lukas R.},
        title = "{Using Gravitational-wave Observations and Quasi-universal Relations to Constrain the Maximum Mass of Neutron Stars}",
      journal = {\apjl},
     keywords = {equation of state, gravitational waves, methods: analytical, stars: neutron, Astrophysics - High Energy Astrophysical Phenomena, General Relativity and Quantum Cosmology},
         year = 2018,
        month = jan,
       volume = {852},
       number = {2},
          eid = {L25},
        pages = {L25},
          doi = {10.3847/2041-8213/aaa401},
archivePrefix = {arXiv},
       eprint = {1711.00314},
 primaryClass = {astro-ph.HE},
       adsurl = {https://ui.adsabs.harvard.edu/abs/2018ApJ...852L..25R},
      adsnote = {Provided by the SAO/NASA Astrophysics Data System}
}

@ARTICLE{Shibata2019,
       author = {{Shibata}, Masaru and {Zhou}, Enping and {Kiuchi}, Kenta and {Fujibayashi}, Sho},
        title = "{Constraint on the maximum mass of neutron stars using GW170817 event}",
      journal = {\prd},
     keywords = {Astrophysics - High Energy Astrophysical Phenomena, General Relativity and Quantum Cosmology, Nuclear Theory},
         year = 2019,
        month = jul,
       volume = {100},
       number = {2},
          eid = {023015},
        pages = {023015},
          doi = {10.1103/PhysRevD.100.023015},
archivePrefix = {arXiv},
       eprint = {1905.03656},
 primaryClass = {astro-ph.HE},
       adsurl = {https://ui.adsabs.harvard.edu/abs/2019PhRvD.100b3015S},
      adsnote = {Provided by the SAO/NASA Astrophysics Data System}
}

@ARTICLE{Haensel2009,
       author = {{Haensel}, P. and {Zdunik}, J.~L. and {Bejger}, M. and {Lattimer}, J.~M.},
        title = "{Keplerian frequency of uniformly rotating neutron stars and strange stars}",
      journal = {\aap},
     keywords = {dense matter, equation of state, stars: neutron, stars: rotation, Astrophysics - Solar and Stellar Astrophysics},
         year = 2009,
        month = aug,
       volume = {502},
       number = {2},
        pages = {605-610},
          doi = {10.1051/0004-6361/200811605},
archivePrefix = {arXiv},
       eprint = {0901.1268},
 primaryClass = {astro-ph.SR},
       adsurl = {https://ui.adsabs.harvard.edu/abs/2009A&A...502..605H},
      adsnote = {Provided by the SAO/NASA Astrophysics Data System}
}

@ARTICLE{Hotokezaka2016,
       author = {{Hotokezaka}, K. and {Nissanke}, S. and {Hallinan}, G. and {Lazio}, T.~J.~W. and {Nakar}, E. and {Piran}, T.},
        title = "{Radio Counterparts of Compact Binary Mergers Detectable in Gravitational Waves: A Simulation for an Optimized Survey}",
      journal = {\apj},
     keywords = {gamma-ray burst: general, gravitational waves, radio continuum: stars, stars: neutron, Astrophysics - High Energy Astrophysical Phenomena, General Relativity and Quantum Cosmology},
         year = 2016,
        month = nov,
       volume = {831},
       number = {2},
          eid = {190},
        pages = {190},
          doi = {10.3847/0004-637X/831/2/190},
archivePrefix = {arXiv},
       eprint = {1605.09395},
 primaryClass = {astro-ph.HE},
       adsurl = {https://ui.adsabs.harvard.edu/abs/2016ApJ...831..190H},
      adsnote = {Provided by the SAO/NASA Astrophysics Data System}
}

@ARTICLE{Dobie2021,
       author = {{Dobie}, Dougal and {Murphy}, Tara and {Kaplan}, David L. and {Hotokezaka}, Kenta and {Bonilla Ataides}, Juan Pablo and {Mahony}, Elizabeth K. and {Sadler}, Elaine M.},
        title = "{Radio afterglows from compact binary coalescences: prospects for next-generation telescopes}",
      journal = {\mnras},
     keywords = {gravitational waves, telescopes, radio continuum: transients, neutron star mergers, Astrophysics - High Energy Astrophysical Phenomena},
         year = 2021,
        month = aug,
       volume = {505},
       number = {2},
        pages = {2647-2661},
          doi = {10.1093/mnras/stab1468},
archivePrefix = {arXiv},
       eprint = {2105.08933},
 primaryClass = {astro-ph.HE},
       adsurl = {https://ui.adsabs.harvard.edu/abs/2021MNRAS.505.2647D},
      adsnote = {Provided by the SAO/NASA Astrophysics Data System}
}

@ARTICLE{Colombo2022,
       author = {{Colombo}, A. and {Salafia}, O.~S. and {Gabrielli}, F. and {Ghirlanda}, G. and {Giacomazzo}, B. and {Perego}, A. and {Colpi}, M.},
        title = "{Multi-messenger observations of binary neutron star mergers in the O4 run}",
      journal = {arXiv e-prints},
     keywords = {Astrophysics - High Energy Astrophysical Phenomena, General Relativity and Quantum Cosmology},
         year = 2022,
        month = apr,
          eid = {arXiv:2204.07592},
        pages = {arXiv:2204.07592},
archivePrefix = {arXiv},
       eprint = {2204.07592},
 primaryClass = {astro-ph.HE},
       adsurl = {https://ui.adsabs.harvard.edu/abs/2022arXiv220407592C},
      adsnote = {Provided by the SAO/NASA Astrophysics Data System}
}

@ARTICLE{MadauFragos2017,
       author = {{Madau}, Piero and {Fragos}, Tassos},
        title = "{Radiation Backgrounds at Cosmic Dawn: X-Rays from Compact Binaries}",
      journal = {\apj},
     keywords = {dark ages, reionization, first stars, diffuse radiation, intergalactic medium, X-rays: binaries, Astrophysics - Astrophysics of Galaxies, Astrophysics - Cosmology and Nongalactic Astrophysics},
         year = 2017,
        month = may,
       volume = {840},
       number = {1},
          eid = {39},
        pages = {39},
          doi = {10.3847/1538-4357/aa6af9},
archivePrefix = {arXiv},
       eprint = {1606.07887},
 primaryClass = {astro-ph.GA},
       adsurl = {https://ui.adsabs.harvard.edu/abs/2017ApJ...840...39M},
      adsnote = {Provided by the SAO/NASA Astrophysics Data System}
}
@ARTICLE{Zappa2019,
       author = {{Zappa}, Francesco and {Bernuzzi}, Sebastiano and {Pannarale}, Francesco and {Mapelli}, Michela and {Giacobbo}, Nicola},
        title = "{Black-Hole Remnants from Black-Hole-Neutron-Star Mergers}",
      journal = {\prl},
     keywords = {General Relativity and Quantum Cosmology, Astrophysics - Cosmology and Nongalactic Astrophysics},
         year = 2019,
        month = jul,
       volume = {123},
       number = {4},
          eid = {041102},
        pages = {041102},
          doi = {10.1103/PhysRevLett.123.041102},
archivePrefix = {arXiv},
       eprint = {1903.11622},
 primaryClass = {gr-qc},
       adsurl = {https://ui.adsabs.harvard.edu/abs/2019PhRvL.123d1102Z},
      adsnote = {Provided by the SAO/NASA Astrophysics Data System}
}

